2670 4866
456 123 651 176 hnmams
672 123 743 176 um.
763 123 826 176 XII.
847 114 876 173 8.
1151 113 1211 176 169

99 298 234 377 ἐκεῖνος
260 291 453 385 Νικηφόρος
480 286 648 380 Ἐξαζηνδς
670 290 688 361 ά
707 289 841 374 Ὑαλέας
867 295 922 362 καὶ
948 291 968 362 δ
997 291 1116 364 τούτου
1140 293 1212 380 ἐξά·

102 398 234 486 carpor
255 400 508 481 Κιονσταντῖνος
529 388 736 481 Ἐξαζηνδςά
764 390 968 480 καλούμενος
995 393 1129 477 Δούκας
1157 397 1212 464 καὶ

105 490 396 583 δύνδρικώτατος
416 490 629 580 Ἀλέξανδρος
657 489 914 586 δΕὐφορβηνδς
941 499 996 564 καὶ
1020 496 1127 583 ἕτεροι
1154 502 1212 588 τῆς

109 591 210 686 αὐτῆς
231 590 327 682 άξίας
347 598 401 664 καὶ
421 599 526 683 τύχης,
548 592 748 684 μνησάμενοι
758 592 915 682 θούριδος
935 591 1037 685 άλκῆς
1058 598 1212 683 ε’πιστρα·

93 699 227 789 ὑφέντες
248 699 302 766 καὶ
319 697 398 777 τούς
417 689 579 777 ὐκινάκεις
597 692 804 781 σπασάμενοι
825 694 886 786 δ’λη
909 699 993 782 χειρὶ
1020 700 1074 765 καὶ
1100 695 1243 789 χνῶμηΒ

118 797 197 883 πρδς
214 796 294 879 τούς
306 796 459 878 Κελτούς
472 794 631 882 ἐμάχοντο
643 794 702 864 τάν
724 793 802 864 ὅλον
818 789 1050 882 ἀναδεξάμενοι
1064 795 1212 884 πόλεμον

122 899 170 965 ναὶ
187 896 384 990 ἡττησαντες
399 891 519 978 αὐτοῦς
532 898 684 983 λαμπράν
698 895 757 985 τὴν
771 902 841 965 κατ’
855 891 964 965 αὐτῶν
973 898 1069 983 νίκην
1082 889 1210 988 ἤραντο.

127 991 279 1089 ὐνακωχην
300 988 360 1067 οὐν
381 995 691 1086 δΚοντοστέφανος
712 999 866 1066 ἐντεῦθεν
885 996 994 1082 λαβών
1014 1003 1073 1086 τῆς
1095 1001 1212 1066 Κελτι-

130 1102 177 1188 κῆς
194 1097 401 1180 ἐπελεύσεως
421 1097 521 1180 λάσας
535 1101 667 1167 ἐκεῖθεν
687 1095 728 1166 τά
747 1095 937 1186 πρυμνήσια
957 1097 1040 1184 μετὰ
1058 1103 1121 1166 τοῦ
1136 1125 1211 1166 ναυ-

106 1204 207 1267 ltruroi
227 1199 352 1282 παντὸς
372 1198 431 1270 τδν
452 1195 599 1267 Αὐλῶνα
629 1196 877 1284 καταλαμβάνει.
928 1199 1003 1267 ἐπεὶ
1030 1201 1074 1280 δέ,
1106 1197 1211 1267 ὁπότε

138 1298 254 1384 πρώτως
273 1300 314 1370 τὸ
337 1296 520 1387 Δυρράχιον
543 1298 736 1385 καταλαβών
756 1297 815 1380 τάς
829 1297 887 1391 ὐφ’
902 1297 1018 1368 ἑαυτὸν
1032 1298 1212 1385 πολεμικάς

140 1405 197 1480 ναῖς
213 1403 246 1487 ἐξ
264 1397 447 1471 αὐτοῦτοῦ
460 1404 644 1489 Δυρραῇου
666 1403 759 1487 μέχρι
780 1410 845 1469 τοῦ
859 1395 1022 1481 Αὐλῶνος
1043 1402 1096 1468 καὶ
1111 1400 1212 1488 αὐτῆς

142 1504 185 1586 τῆς
206 1505 401 1592 καλουμένης
433 1500 585 1588 Χιμάρας
615 1503 808 1588 διέσπειραν,
846 1496 1028 1584 ἀπέχοντος
1058 1503 1118 1586 μὲν
1148 1506 1212 1569 τοῦ

143 1606 295 1688 Δυρραχίου
316 1609 377 1671 τοῦ
398 1597 559 1684 Αὐλῶνος
580 1604 732 1682 σταδίους
752 1599 876 1683 ἑκατόν,
908 1607 967 1689 τῆς
998 1603 1034 1669 δὲ
1059 1599 1211 1687 Χιμάρας

113 1705 185 1766 λαιοῦ
200 1696 353 1787 Αὐλῶνος
372 1693 473 1784 αὐθις
492 1700 677 1791 ἀπεχούσης
706 1704 859 1783 σταδίους
885 1695 1050 1790 ἑξήκοντα,
1074 1701 1133 1791 τὴν
1153 1708 1240 1771 τοῦθ

145 1802 324 1887 Βῶμοάντοα
343 1806 555 1892 ἐποιχομένην
576 1796 636 1894 ἤδη
660 1800 824 1890 ἐμάνθανε
855 1805 1100 1889 διαπεραίωσιν,
1132 1828 1210 1872 στο-

143 1900 291 1990 λαθόμενος
312 1903 523 1991 ἐνδεχόμενον
544 1899 628 1973 εἶναι
643 1907 766 1990 μᾶλλον
789 1901 838 1985 εἷς
858 1902 917 1972 τδν
928 1899 1075 1973 Αὐλῶνα
1095 1907 1210 1972 διαπε-

144 2003 216 2084 ρᾶσαι
242 1999 341 2073 αὐτδν
372 2001 426 2073 διά
458 2002 497 2073 τδ
532 2001 653 2091 ἥττονα
679 1997 763 2072 εἶναι
795 2000 854 2070 τδν
878 2002 964 2088 πρὸς
984 2003 1043 2072 τάν
1066 2007 1212 2072 Αὐλῶνα

142 2096 296 2175 πλοῑντοῠ
317 2102 405 2190 πρὸς
426 2104 465 2172 τδ
490 2101 672 2190 Δυρράχιον
697 2106 751 2172 καὶ
773 2101 827 2172 διά
849 2109 948 2172 τοῦτο
979 2107 1049 2172 δεῖν
1071 2107 1209 2172 πλείονα

109 2197 184 2289 Μὴν
199 2204 339 2295 φυλακην
358 2210 418 2273 τοῦ
432 2200 598 2286 Αὐλῶνος
618 2201 825 2293 ποιήσασθαι
848 2198 1010 2273 άπελδῶν
1039 2203 1123 2290 μετὰ
1144 2210 1211 2273 τῶν

142 2295 233 2388 λτὲρυν
251 2309 380 2375 δουκῶν
400 2303 507 2393 ἐτήρει
529 2307 693 2391 ἐπιμελῶς
712 2303 771 2374 τδν
790 2300 970 2390 άναμεταξύ
992 2302 1152 2390 πορθμὸν
1172 2306 1209 2373 ἐκ

141 2406 184 2468 τοῦ
200 2403 353 2489 Αὐλῶνος
384 2409 439 2476 καὶ
468 2404 551 2475 κατὰ
582 2405 642 2496 την
678 2400 881 2498 άκρολοφίαν
912 2409 974 2475 τοῦ
1009 2406 1209 2491 καλουμένου

218 2667 240 2719 1,
259 2663 358 2724 δειλίας
376 2663 409 2732 δ’,
430 2664 529 2721 Υελέας
546 2663 576 2717 Ρ.
687 2664 728 2716 13.
749 2667 888 2734 Χιμαίρας
908 2660 937 2714 C.
1012 2660 1168 2728 διέσπειραν
1181 2661 1213 2727 F,

220 2736 353 2806 διέπειρεν
369 2735 399 2790 P.
511 2737 551 2788 14.
562 2733 758 2860 ἱΧιρραίρριςβΙ
868 2733 910 2786 15.
931 2726 1087 2815 ἀπεχούσης
1096 2731 1128 2813 δ’,
1147 2728 1213 2785 ἀνιέ-

216 2824 320 2878 χουσαν
338 2807 368 2861 Ρ.
482 2808 523 2861 17.
543 2823 591 2859 τον
633 2823 744 2873 ,omos
761 2804 792 2858 Ρ.
901 2803 943 2857 21.
963 2805 994 2857 ἓν
1012 2801 1115 2856 αδδιδι.

143 3041 320 3099 heumanni
330 3050 412 3098 erant
420 3044 446 3098 Ν
448 3045 592 3115 icephorus
602 3045 744 3099 Exszsnus
754 3045 869 3116 Hyrieus
881 3045 1091 3114 cognominatus
1101 3047 1213 3115 eiusque

143 3111 245 3171 risun.
256 3115 453 3170 Constantinus
465 3117 608 3170 Exszenus
627 3119 792 3186 cognomine
801 3117 890 3171 Ducas
909 3134 940 3171 ac
954 3116 1073 3170 maxime
1086 3120 1213 3170 strenuus

143 3173 330 3257 thalamum
348 3186 550 3256 Euphorbenus
577 3187 679 3256 aliique
698 3186 820 3242 ciusdem
838 3188 891 3242 loci
914 3188 1123 3257 dignitatisque,
1140 3205 1213 3243 acer·

144 3260 206 3307 “tnta
220 3273 351 3312 memores
361 3259 477 3312 virtutis
498 3259 622 3312 conversi
636 3260 740 3313 strictis
760 3259 859 3328 gladiis
874 3263 934 3313 tota
946 3260 973 3312 vi
993 3263 1107 3327 totoque
1120 3261 1213 3313 animo

143 3315 206 3400 (tillir
228 3333 425 3399 repugnassent
451 3334 479 3383 et
500 3330 629 3382 universo
648 3330 753 3398 proelio
776 3335 908 3384 renovato
927 3331 1105 3384 clarissimam
1128 3330 1162 3384 de
1180 3331 1214 3384 iis

143 3396 254 3453 ”donam
279 3405 475 3469 reportassent
509 3417 563 3468 qna
583 3418 622 3467 re,
649 3418 711 3454 cum
731 3401 831 3467 Gallos,
861 3419 895 3454 nc
922 3403 1056 3470 impetum
1081 3401 1212 3470 facerent,

142 3473 325 3538 canerentur,
336 3489 401 3524 usus
412 3471 649 3541 Contostephnnus
660 3473 788 3526 universe
796 3472 874 3526 illinc
883 3472 973 3525 soluta>
984 3472 1069 3526 classo
1077 3472 1211 3527 Anionem

142 3542 260 3606 comparit„
278 3543 326 3597 sed
354 3544 493 3612 quonism,
522 3560 585 3597 cum
612 3545 734 3611 primum
752 3543 936 3613 Dyrrachium
964 3543 1041 3596 venit
1068 3561 1211 3613 navesque,

141 3614 190 3684 dut!
201 3609 312 3667 habebat
328 3613 433 3684 longas,
457 3615 493 3668 nb
511 3615 571 3684 ipso
590 3613 741 3683 Dyrrachio
760 3614 794 3668 sd
813 3613 949 3667 Anionem
968 3630 1054 3683 usque
1071 3619 1101 3668 et
1119 3615 1208 3668 locum

141 3679 285 3760 dmdicitnr
317 3684 472 3738 Chimarom
508 3687 610 3754 sparsit
646 3685 742 3751 (distat
779 3691 872 3740 autem
901 3685 992 3739 Aulon
1017 3685 1207 3755 sDyrrachio

142 3744 207 3803 ΜΗ
227 3762 342 3823 centurn,
366 3755 494 3810 Chimsru
517 3757 552 3810 sb
572 3756 678 3809 Aulone
702 3757 864 3826 sexaginta),
889 3756 963 3809 fama
986 3757 1115 3810 instantis
1142 3757 1208 3810 Boe-

143 3820 212 3875 nundi
232 3828 401 3881 truiectionis
419 3827 601 3895 percrebruit,
625 3827 695 3881 hanc
712 3832 867 3897 susceptum
891 3828 928 3881 iri
946 3826 1080 3880 Anionem
1105 3829 1210 3882 coniec-

143 3882 232 3962 hiatur,
256 3897 329 3967 quod
361 3898 451 3951 Aulon
480 3898 595 3968 propius
622 3915 703 3967 quam
732 3898 916 3967 Dyrrachium
942 3898 1046 3964 aberet,
1074 3897 1110 3952 ob
1137 3916 1208 3953 eam·

145 3966 182 4040 jd?
199 3980 247 4020 ran
274 3968 409 4024 dolonem
435 3970 535 4024 maiori
559 3968 697 4039 praesidio
722 3969 822 4024 debore
846 3968 961 4023 firmari.
1006 3985 1068 4023 cum
1097 3969 1211 4039 reliquis

146 4032 209 4091 Diu
222 4035 333 4095 ducibus
350 4039 491 4110 profectus
509 4039 613 4094 fretum
631 4042 666 4095 ab
681 4040 788 4095 Aulone
806 4041 956 4110 diligenter
972 4042 1135 4095 observabat
1153 4058 1212 4110 spe·
