2670 4866
467 475 681 528 PRAEFATIO.
1086 480 1128 532 11

64 648 172 721 sarium
195 648 403 743 integrum,
438 672 488 722 ne
511 647 689 724 deessent
717 648 767 723 ad
794 674 894 747 quae
918 649 985 723 ille
1010 676 1127 747 saepe

61 763 243 858 respiceret.
300 762 594 837 adnotationum
628 789 732 859 vero,
774 790 869 862 quas
902 764 1125 864 Schopenus

59 903 88 953 sc
113 879 322 955 additurum
357 904 442 954 csse
473 879 664 978 pollicitus
700 893 784 955 crat
820 880 925 954 haud
962 907 1050 956 raro
1084 883 1125 957 in

56 1010 211 1093 apparatu
234 995 367 1070 critico
388 995 439 1069 ad
460 1020 523 1070 eas
541 995 703 1072 lectores
725 996 921 1094 ablegatus,
947 996 1044 1070 nihil
1065 1023 1124 1073 re·

56 1108 159 1185 lictum
184 1125 250 1186 est.

129 1226 190 1301 Bis
214 1227 439 1326 typothetae
465 1251 535 1325 per
567 1226 720 1325 longius
747 1227 932 1322 temporis
957 1228 1123 1326 spatium

55 1341 333 1418 intermiserunt:
361 1367 437 1440 quo
461 1344 606 1417 factum
625 1356 683 1417 est
703 1355 746 1417 ut
770 1341 835 1417 hic
848 1342 948 1418 liber
966 1367 1037 1442 per
1057 1344 1123 1417 tri·

55 1459 181 1531 ennium
206 1460 279 1533 sub
304 1458 415 1558 prelo
443 1472 549 1535 esset.
600 1471 719 1557 atque
745 1460 820 1533 iam
846 1458 1015 1535 sedecim
1043 1460 1123 1533 eius

54 1571 204 1669 plagulae
230 1570 409 1669 (1-256)
435 1575 534 1673 typis
559 1574 770 1672 exscriptae
803 1588 921 1668 erant,
951 1601 1037 1649 cum
1072 1573 1123 1648 ad

55 1712 99 1761 ne
117 1690 309 1787 perfertur
333 1688 443 1784 liber,
483 1682 552 1764 cui
570 1690 809 1764 inscribitur:
856 1689 1029 1764 ε11666611
1055 1689 1122 1764 (166

54 1799 227 1880 historiens
264 1805 332 1879 des
370 1807 563 1880 croisades
597 1805 731 1901 publie
757 1831 828 1904 par
858 1804 915 1879 les
944 1806 1048 1879 soins
1074 1805 1123 1882 de

54 1913 249 1995 l'academie
286 1920 353 1995 des
381 1922 626 2017 inscriptions
662 1936 701 1997 et
737 1922 804 1996 des
831 1921 952 1996 belles
978 1922 1122 1996 lettres.

54 2028 240 2110 Historiens
276 2038 407 2114 Grecs.
440 2037 562 2111 Teme
597 2038 777 2133 premier.
830 2036 949 2132 Paris,
989 2038 1123 2132 impri-

56 2151 145 2225 meris
176 2152 383 2247 nationale,
411 2154 688 2222 MDcchxxvff
720 2154 761 2228 in
798 2179 875 2252 quo
909 2154 951 2227 E.
978 2152 1123 2227 Milleri

56 2285 120 2339 cura
142 2266 344 2343 Alexiadis
377 2294 422 2343 ea
448 2269 578 2343 omnia
604 2268 707 2344 edita
733 2283 830 2364 sunt,
866 2294 966 2367 quae
988 2267 1038 2342 ad
1064 2294 1122 2341 sa-

55 2405 131 2456 611111
157 2384 441 2483 expeditionem
466 2398 648 2481 spectant,
676 2385 718 2458 id
744 2398 810 2478 cst,
839 2398 881 2459 ut
905 2410 1015 2460 meae
1041 2384 1122 2458 edi-

55 2493 140 2572 tionis
169 2500 321 2599 paginis
352 2501 603 2599 versibusque
638 2513 734 2593 utar,
772 2503 830 2596 28,
870 2504 1053 2592 13-141‚
1088 2504 1122 2574 4.

56 2613 320 2707 11661-161,
353 2618 386 2687 8.
426 2621 506 2710 166,
537 2620 695 2710 1-116,
726 2620 783 2688 16.
824 2618 905 2708 161,
939 2617 1121 2710 14-646,

55 2726 95 2798 rr.
116 2734 194 2825 253,
222 2733 403 2826 16-661,
433 2736 491 2805 11.
525 2734 608 2826 arc,
638 2734 820 2824 ro-are‚
847 2734 904 2803 16.
943 2732 1002 2805 eui
1031 2757 1122 2829 opo-

56 2847 222 2920 racvalde
247 2847 376 2920 nocuit
408 2846 512 2945 quod
535 2846 707 2922 Millerus
740 2846 882 2920 codicis
908 2847 1123 2923 Florentini

56 2979 108 3051 ope
134 2962 331 3037 destitutus
368 2963 460 3038 fuit:
505 2961 546 3036 id
584 2962 687 3060 quod
721 2963 879 3037 minime
912 2989 1122 3059 conpensa-

56 3069 140 3152 batnr
171 3103 272 3152 nova
302 3077 529 3153 Coisliniani
563 3092 598 3154 61
631 3079 831 3153 Leidensis
863 3081 1121 3157 6116616116-

55 3187 383 3268 11611166111611ο116.
426 3195 555 3292 itaque
582 3195 773 3293 permulta
801 3194 943 3268 menda
967 3195 1006 3267 in
1037 3195 1121 3268 llil-

55 3296 105 3378 leri
132 3309 297 3383 editione
330 3308 565 3403 resederunt,
604 3335 767 3408 querum
793 3310 980 3383 nonnulla
1007 3311 1122 3385 etiam

55 3417 112 3495 sinc
135 3424 341 3522 exemplari
368 3424 509 3521 corrigi
535 3438 724 3523 poterant.
765 3426 941 3499 absoluto
966 3425 1120 3498 demum

54 3527 128 3610 libro
153 3538 324 3614 Millerus
346 3538 610 3614 Florentinum
637 3540 809 3614 codicem
837 3540 934 3614 adiit
963 3541 1121 3638 eiusque

55 3653 241 3728 testimonia
273 3657 505 3749 praefationi
540 3656 743 3730 subiunxit.
805 3657 942 3753 quibus
974 3655 1120 3752 perlus-

55 3769 137 3841 tratis
168 3772 333 3868 suspicio
370 3795 468 3868 quae
502 3772 596 3845 mihi
630 3773 707 3846 iam
738 3773 899 3846 subnata
924 3784 1005 3844 erat
1032 3795 1121 3843 con·

55 3876 175 3959 firmata
200 3899 269 3975 661,
296 3913 318 3958 a
336 3885 379 3959 L.
395 3886 596 3984 Schopeno
620 3887 767 3985 aliquot
793 3889 998 3982 scripturas
1022 3886 1121 3960 inter

55 4000 354 4075 transcribendum
369 4001 560 4097 neglectas
586 4027 688 4077 esse:
720 4029 849 4077 rursus
877 4001 979 4076 haud
999 4027 1122 4097 pauca

56 4110 145 4185 ctiam
157 4116 349 4190 Millerum
378 4120 571 4214 fugerunt.
612 4132 714 4192 certe
741 4119 921 4215 equidem
948 4117 1051 4207 olim,
1080 4131 1121 4190 ut

57 4245 92 4295 ¹10
111 4232 192 4326 quid
219 4233 574 4331 praetermitterem,
605 4234 674 4328 bis,
707 4233 897 4307 interdum
927 4233 1024 4307 adeo
1062 4247 1121 4307 ter
