2670 4866
401 437 597 489 maxume
618 438 689 489 nra.
709 438 772 489 xn.
796 429 824 486 s.
858 391 860 395 ’
1106 426 1164 486 153

110 597 146 670 u'si
159 604 348 695 προφθάνων
371 599 503 694 σ’ξότιχτι
528 610 584 672 νοῦ
608 603 667 686 τάς
692 611 758 672 τῶν
784 603 1066 689 ἐπιβουλευόντων
1092 607 1163 674 ἐπι-

110 702 195 785 βουλάς
205 707 254 773 καὶ
267 699 463 773 ἀνακόπτων
474 703 533 786 τάς
545 702 672 774 τούτων
687 702 797 790 ὁρμάς.
826 706 881 772 καὶ
896 703 996 792 ἔγωγε
1009 704 1164 792 στοχάζο-

109 828 148 884 μαι
160 797 214 872 dut
226 810 290 873 τῶν
304 802 504 892 πραγμάτων
517 799 629 872 αὐτῶν
642 804 701 894 τήν
713 803 821 893 Τύχην
835 837 854 871 ιι
877 839 896 873 a
918 810 975 894 τής
987 807 1162 888 βασιλείας,

10 908 13 913 ’
109 896 144 968 ότι
158 902 348 989 πανταχόθεν
369 906 561 991 σονὲρρεσσε
576 903 617 971 τά
638 903 728 972 δεινά
749 906 803 972 καὶ
824 901 1017 987 ἐτετάρακτο
1032 899 1111 972 αάτό
1126 932 1162 973 τε
1251 934 1255 939 ·

91 999 134 1070 tui
144 1008 217 1089 σῶμα
233 1011 290 1096 τῆς
308 1007 478 1086 πολιτείας
498 1007 551 1073 καὶ
569 1011 639 1073 πᾶν
651 997 821 1089 ἀλλότριον
840 1001 992 1096 ἐμεμήνει
1008 1008 1089 1071 κατά
1106 1010 1164 1097 τής

10 1109 27 1139 ”·
106 1104 231 1186 βασιλείας
243 1103 420 1190 Ῥωμαίων,
443 1103 488 1186 ὦς
509 1102 546 1173 εἴ
560 1131 610 1185 τις
632 1103 737 1186 οὕτως
763 1103 833 1189 ἔχοι
854 1111 969 1186 κακῶς,
1001 1103 1085 1173 ιίίστε
1107 1110 1197 1178 καὶΙ)

108 1196 152 1267 tut
167 1210 221 1271 τῶν
238 1200 437 1275 ἀλλοδαπῶν
457 1209 682 1292 πολεμεῖσθαι
703 1208 758 1273 καὶ
777 1203 844 1273 ὑπὸ
867 1211 933 1273 τῶν
956 1205 1086 1274 οἰκείων
1105 1235 1162 1275 κα·

106 1300 282 1388 ταρίχισθαι
302 1304 361 1387 τὰς
375 1303 496 1392 σάρκας
509 1303 788 1391 διαμασσιόμενον,
808 1311 928 1374 τοῦτον
947 1309 983 1375 δὲ
997 1301 1200 1394 σίνεχεῖραιΡ.
1220 1327 1273 1380 859

11 1426 20 1433 ·
105 1397 308 1491 ιήιπρόνοιαν,
330 1409 384 1474 ἵνα
405 1406 491 1490 πρός
511 1405 552 1473 τά
573 1403 784 1490 πανταχόθεν
804 1404 886 1473 κακά
906 1400 1158 1496 άντιμήχανῷτο,

77 1494 185 1592 uterq
203 1506 239 1596 δή
259 1510 314 1575 καί
334 1506 375 1576 τό
395 1513 571 1596 τηνικαῦτα
592 1510 734 1575 συνιδεῖν
763 1505 839 1575 ἔδει.
889 1504 969 1574 ότε
999 1505 1058 1592 γάρ
1081 1512 1161 1575 Βαΐ-

101 1605 240 1688 uocaui
263 1605 430 1694 βάρβαρος
450 1605 468 1675 ό
491 1603 652 1688 πολλάκις
681 1604 759 1696 ήμῖν
786 1605 956 1695 εἰρημένος
985 1604 1159 1694 ἐξηρτύετο

10 1704 14 1709 ’
101 1701 159 1768 κατὰ
172 1712 229 1773 τῶν
250 1705 431 1795 σκήπτρων
448 1705 616 1792 Ῥωμαίων
633 1705 815 1793 βαρότατσν
835 1705 1019 1793 στράτευμα
1041 1709 1160 1794 ἐπαγο-

10 1826 23 1839 ”
97 1800 168 1885 μένας
186 1810 235 1876 καὶ
265 1806 304 1875 τό
338 1806 526 1891 τυραννικόν
546 1812 645 1875 τοῦτο
674 1809 808 1896 πλῆθος
835 1806 1000 1892 ἑτέρωθεν
1021 1802 1161 1896 ἀντεπή-

95 1901 199 1989 reique,
220 1905 379 1993 καθάπερ
401 1900 532 1975 ίίνωθεν
552 1913 611 1976 τοῦ
635 1905 732 1993 λόχου
754 1910 1045 1993 πεπροοιμιάσται.
1087 1910 1161 1977 τέσ-

10 2028 14 2035 .
64 1998 168 2105 ιιραρες
183 2009 238 2091 μὲν
259 1996 341 2098 ήσαν
364 2004 395 2075 σί
422 2004 607 2092 ξύμπαντες
628 2005 660 2074 οἳ
683 2013 742 2098 τής
760 2010 881 2098 βοαλής
912 2004 1158 2094 καταρχόμενοι,

10 2124 13 2129 ·
88 2102 237 2187 Artatus
255 2104 314 2197 τήν
334 2107 530 2190 ἐπωνυμίαν,
556 2105 614 2187 τὰς
635 2103 764 2195 κλήσεις
784 2105 803 2174 ὁ
826 2108 885 2192 μὲν
907 2103 1052 2194 Μιχαήλ,
1083 2105 1101 2173 ό
1124 2109 1160 2175 δὲ

82 2199 174 2287 Λέων,
194 2205 212 2275 ὁ
230 2207 362 2292 ἕτερος.
377 2261 383 2274 .
398 2257 435 2287 ..,
451 2202 578 2287 όῖίλλος
590 2260 701 2276 ......
714 2205 986 2294 προσηγορεύετο.
1021 2210 1160 2298 ἀδελφοὶ

76 2287 102 2349 δ’
126 2294 192 2391 ήσαν
211 2303 327 2374 καὶτὰ
351 2303 488 2390 σώματα
511 2304 674 2391 πρότερον
695 2310 748 2375 καὶ
771 2303 848 2375 τότε
868 2305 927 2396 τήν
947 2304 1090 2395 γνώμην·
1113 2307 1160 2388 είς

10 2486 13 2495 Ι
72 2395 165 2473 'aiud
184 2405 241 2493 γάρ
262 2404 406 2486 ἅπαντας
426 2405 679 2495 σονεφρόνησαν,
710 2401 904 2475 ἀποκτεῖναί
927 2433 963 2474 τε
984 2405 1042 2474 τόν
1063 2400 1191 2477 uiuo-B

10 2498 12 2505 Ι
37 2488 205 2590 2οκ(ὶᾶῑσροι
226 2509 369 2574 καὶτῶν
392 2510 571 2591 βασιλικῶν
598 2505 827 2595 ἐπιλήψεσθαι
855 2505 1040 2596 σκήπτρων.
1086 2533 1160 2575 συν-

64 2601 223 2691 ῑ’ΐῑήχοντο
247 2608 282 2674 δὲ
303 2601 417 2687 αότοῖς
438 2609 493 2675 καὶ
513 2607 619 2692 ἕτεροι
646 2614 712 2676 τιόν
731 2606 877 2694 εόχενιόν,
902 2611 938 2676 οἵ
949 2635 984 2674 τε
998 2603 1161 2691 Ἀντίοχοι

58 2694 173 2786 ίὲνοις
193 2699 286 2786 ὄντες
308 2713 511 2797 περιφανοῦς
533 2711 586 2775 καὶ
608 2707 640 2775 οὶ
661 2703 824 2796 Ἐξαζήνοὶ
850 2706 1051 2792 καλούμενοι,
1084 2706 1103 2777 ό
1124 2735 1160 2777 τε

162 2838 184 2888 3.
204 2837 331 2890 lacunam
350 2837 465 2906 signavi.
521 2840 546 2891 4.
567 2841 726 2906 σονίρρεοσε
747 2837 779 2905 F,
798 2841 941 2905 σανέριυσε
960 2836 989 2890 P.
1062 2839 1086 2890 7.
1105 2835 1159 2890 ὑπὸ

160 2907 213 2960 τῶν
230 2911 340 2960 οἰκείων
357 2907 420 2961 inF
437 2926 471 2961 m.
490 2909 506 2959 2
526 2911 555 2960 in
573 2925 626 2960 ras.
736 2911 776 2961 13.
797 2909 876 2960 τοῦτο
893 2909 1003 2975 scripsi:
1024 2902 1119 2961 ιοίπου
1130 2909 1159 2961 Ρ.

161 2979 199 3029 17.
219 2976 376 3047 ἕτερος**ὁ
396 2973 545 3037 ι’ίλλος*Ρ;
565 2980 656 3049 spatia
676 2980 838 3033 lacunarum
857 2997 891 3033 ex
908 2980 931 3032 F
952 2978 1023 3032 dedi.

54 3081 140 3172 b§ris
155 3106 281 3159 resistens
307 3105 499 3159 insidiantium
525 3106 639 3160 insidias
664 3107 749 3161 animi
774 3107 897 3160 sollertis
921 3124 1028 3176 semper
1048 3124 1158 3174 praeve·

55 3170 138 3235 fures
152 3193 299 3245 eorumque
318 3176 438 3246 impetus
456 3178 638 3246 propulsaret.
669 3178 796 3248 equidem
815 3195 848 3231 ex
867 3179 949 3231 rebus
967 3179 1034 3246 ipsis
1052 3179 1159 3233 conicio

56 3242 150 3298 lpssm
170 3253 228 3301 tum
247 3254 421 3315 praesentem
438 3248 557 3303 adfuisse
568 3250 720 3302 Fortunam
740 3250 866 3318 imperio,
883 3249 1018 3318 siquidem
1037 3249 1158 3304 adversis

57 3307 145 3369 n‘bus
157 3320 345 3388 undecumque
358 3321 588 3374 concurrentibus
606 3321 774 3389 reipublicae
786 3338 886 3389 corpus
899 3321 1065 3374 turbabatur
1077 3326 1159 3390 atque

60 3385 156 3441 ⁰1¹¹nes
172 3391 282 3443 omnino
311 3389 404 3444 hostes
435 3391 464 3443 in
496 3392 648 3445 Romanurn
681 3394 827 3460 imperium
860 3393 1025 3458 saeviebant,
1053 3394 1158 3460 paritor

62 3457 103 3533 Μ,
118 3460 138 3511 si
154 3461 212 3530 quis
232 3466 261 3514 et
280 3461 316 3514 ab
340 3462 461 3514 externis
478 3461 604 3515 hostibus
633 3462 845 3531 impugnaretur
869 3468 897 3516 et
918 3481 934 3515 a
956 3464 1011 3515 suis
1032 3465 1159 3532 gravissi·

64 3531 123 3601 ΠΨ
145 3531 267 3586 dolorum
302 3532 448 3585 tormentis
476 3533 701 3601 discruciaretur,
728 3533 802 3587 hune
830 3551 894 3587 vero
922 3534 1097 3603 providentia
1118 3534 1159 3587 di·

68 3603 133 3651 vina
157 3605 288 3657 excitaret
318 3607 350 3655 ut
381 3603 551 3658 calamitates
578 3604 771 3673 undecumque
807 3610 916 3658 coortas
942 3604 1100 3674 repelleret;
1130 3605 1159 3658 id

71 3670 140 3727 quod
165 3679 229 3729 tunc
259 3674 372 3743 quidem
401 3674 521 3729 dilucide
543 3677 671 3744 cognosci
690 3677 845 3744 oportebat.
902 3693 965 3729 curn
993 3677 1066 3729 euim
1095 3676 1160 3730 Bos

73 3742 185 3810 mundns,
222 3745 361 3798 bsrbarus
392 3745 438 3798 ilie
471 3763 551 3816 saepe
586 3753 829 3812 commemoratus,
861 3747 990 3800 advorsus
1024 3747 1160 3800 Romano-

77 3818 132 3885 rum
149 3815 290 3884 imperium
312 3817 451 3885 ingentem
475 3816 620 3886 colligeret
638 3819 797 3882 exereitum,
829 3819 973 3886 tyrannica
999 3816 1065 3871 hacc
1092 3818 1159 3871 mul·

79 3877 155 3951 {liudo
182 3888 216 3940 ab
246 3887 335 3940 alteru
363 3892 452 3955 purte,
469 3892 501 3941 ut
519 3906 603 3957 ssspru
624 3890 749 3956 praefata
774 3906 842 3955 sum,
866 3890 986 3942 excitata
1004 3892 1052 3940 est.
1097 3906 1160 3942 eon·

10 3972 12 3981 >
82 3956 204 4011 lurationis
221 3962 348 4012 auctores
367 3957 482 4011 fuerunt
500 3956 602 4013 iratres
620 3965 761 4028 quattuor,
781 3960 935 4013 Ancmadcs
960 3960 1157 4028 cognominati,

85 4030 179 4082 suorum
202 4046 273 4082 unas
297 4028 425 4095 Michael,
452 4030 522 4083 alter
550 4029 615 4096 Leo,
639 4032 739 4084 tertius
765 4055 787 4096 ι,
819 4034 974 4098 postremus
998 4030 1116 4097 denique
1139 4055 1151 4077 α

10 4104 16 4135 ῑ
87 4094 214 4175 'Wubstnn
252 4100 431 4169 quiquidem
456 4099 555 4153 fratres
582 4118 645 4155 cum
668 4103 793 4170 eorporis
817 4107 877 4154 tum
903 4101 1081 4154 consiliorum
1107 4118 1152 4154 ue·

12 4176 20 4208 ³
89 4169 186 4223 suante
204 4171 345 4225 coniuncti
381 4170 409 4224 id
428 4189 514 4225 unum
539 4189 633 4226 omnes
654 4177 852 4238 convenerunt,
881 4176 913 4224 ut
931 4172 1022 4225 occiso
1040 4171 1155 4240 impera·

10 4248 19 4281 ¹²
91 4228 135 4285 ¹⁰¹0
148 4254 254 4311 ragnum
272 4248 447 4310 occuparent.
485 4242 586 4312 quibus
603 4248 632 4297 st
652 4244 700 4297 alii
720 4243 826 4297 nobiles
844 4259 902 4295 sese
921 4243 1009 4297 socios
1027 4242 1157 4296 adiunxe

10 4319 23 4355 :·
94 4308 148 4373 mli,
169 4310 241 4366 seint
268 4312 402 4369 Antiochi
429 4314 538 4383 generis
565 4312 713 4371 nobilitate
748 4312 878 4368 florentes
906 4319 934 4367 et
962 4314 1010 4383 qni
1038 4311 1161 4367 Exazeai
