2670 4866
440 421 634 473 ALEXIADIS
656 422 725 472 LIB.
746 423 824 473 XIII.
851 414 875 473 l.
1127 413 1185 473 179

118 590 193 673 λέγειν
213 583 252 655 od
270 585 452 673 βούλομαι·
472 584 563 673 ὅμως
582 588 618 655 δὲ
639 584 770 675 Σκύθην
788 580 1014 676 άρμυρώνητον
1034 588 1091 678 τὴν
1112 592 1187 677 κλῆ-

120 714 155 755 σιν
172 687 350 777 Δημήτριον
377 688 553 776 αὐτουργὸν
574 692 633 755 τοῦ
667 685 772 777 φόνου
804 687 1090 773 παρεσκευάσαντο
1121 693 1186 771 (καί

122 787 190 868 clade
213 790 247 856 δέ
281 788 301 856 δ
327 787 450 857 τούτου
472 786 636 876 δεσπότης
656 783 798 873 Ἀαρών)
826 791 930 873 πέρας
960 794 1019 856 τοῦ
1041 815 1187 858 σκοπου-

124 890 193 973 pisos·
211 889 269 977 τηῗν
290 897 352 975 τῆς
370 893 538 974 βασιλίδος
558 886 767 974 ὑποχώρησιν
788 889 935 972 θέμενοι,
965 886 1010 969 ὥς
1032 891 1186 959 ἐντεῦθεν

109 982 255 1074 δεδιαιρίας
276 989 295 1058 ά
317 989 449 1078 Σκύθης
470 987 669 1076 δραξάμενος
691 986 771 1054 κατά
792 994 858 1054 τῶν
872 994 931 1055 τοῦ
950 991 1110 1073 βασιλέως
1130 993 1185 1056 λα-

127 1086 199 1172 μίνων
217 1086 342 1179 ιάδίησει
364 1089 403 1156 τά
427 1093 522 1179 ξίφος
543 1086 563 1177 ἢ
584 1091 618 1157 ἐν
639 1094 741 1176 στενῷ
757 1088 941 1175 περιτυχών
955 1087 976 1177 ἢ
989 1088 1186 1158 καδδπνώτ-

127 1212 187 1256 σοντι
202 1188 321 1258 λαθών.
371 1191 425 1256 καὶ
446 1188 464 1256 ὁ
487 1186 672 1279 Δημήτριος
699 1186 816 1277 φόνιον
844 1191 953 1254 πνέων
979 1189 1017 1257 τά
1042 1189 1219 1278 σιδηριονΒ

128 1284 199 1375 ἔληγε
218 1294 267 1358 καί
288 1290 350 1377 τήν
364 1288 541 1378 μιαιφόνον
555 1289 662 1373 δεξιάν
685 1286 891 1378 ηὐτρέπιστο.
923 1285 1004 1359 άλλά
1025 1318 1056 1359 τι
1078 1291 1189 1359 καινάν

128 1380 260 1458 ennaea
281 1387 301 1478 ἡ
325 1392 399 1478 δίκη
420 1394 665 1477 δραματουργεῖ.
714 1393 767 1456 καὶ
791 1388 850 1476 γάρ
873 1392 947 1458 ἐπεὶ
969 1386 1008 1457 οά
1029 1392 1107 1474 ταχύ
1129 1398 1188 1459 τοῦ

101 1492 250 1571 ἰοβασιίίως
276 1489 295 1581 ἡ
323 1494 452 1574 βασιλὶς
483 1492 664 1576 ἐχωρίζετο,
694 1489 776 1557 ἀλλά
805 1493 978 1558 συνείπετο
1006 1489 1126 1581 ἡμέραν
1155 1493 1192 1576 ἐξ

130 1586 214 1673 ίμίρας
232 1594 289 1658 τοῦ
314 1584 555 1675 αὐτοκράτορος
585 1584 684 1678 αὐτὴν
707 1587 929 1675 ἐπισάροντος,
959 1588 991 1658 ol
1018 1589 1189 1680 μιαιφάνοι

130 1685 288 1758 ἐκεῖνοντὸν
308 1688 507 1758 άνάστακτον
528 1695 588 1757 τοῦ
610 1683 852 1775 αάτοκράτορος
871 1689 1009 1780 φύλακα,
1025 1689 1083 1778 τὴν
1096 1697 1189 1776 βασι-

129 1783 179 1852 lla
197 1792 284 1878 φημί,
317 1789 367 1857 ἔτι
396 1786 658 1875 ἐμβραδύνονσαν
686 1787 836 1874 ὁρῶντες,
865 1789 1098 1877 ἒκκακήσαντες
1125 1787 1190 1879 φά-

129 1886 204 1965 aurat
221 1916 290 1956 τινα
312 1887 493 1977 γράφοντες
506 1888 589 1957 κατά
604 1890 663 1977 τήν
676 1894 735 1956 τοῦ
757 1891 918 1972 βασιλέως
935 1890 1092 1975 ἔρριπτον
1112 1915 1189 1976 σκη-

102 1980 173 2068 ll'l'·
204 1985 234 2055 ol
253 1990 289 2057 δὲ
310 1994 413 2055 ταῦτα
433 1990 605 2077 ῥίπτοντες
627 1988 757 2077 ἔκδηλοι
778 1992 861 2069 τέως
881 1984 940 2056 οάκ
962 1979 1051 2077 ἦσαν.
1095 1993 1189 2076 δηλοῖ

130 2082 190 2173 leli
204 2088 294 2178 λέξις]
317 2086 358 2155 τά
381 2086 537 2178 φάμουσα
558 2087 778 2177 λοιδορήματά
802 2116 875 2157 τινα
897 2089 1042 2180 ένγραφα
1063 2096 1110 2178 τη)
1131 2084 1218 2156 ατί-0

129 2185 266 2275 ‘misaca
284 2189 344 2277 την
365 2188 483 2275 πρόσω
499 2192 637 2275 πορείαν
659 2187 928 2275 ξυμβουλεύοντα,
950 2193 990 2281 τῇ
1010 2191 1046 2258 δέ
1068 2215 1102 2276 γε
1116 2184 1189 2256 Λά-

130 2282 215 2378 γνίστη
234 2288 291 2378 τὴν
307 2288 393 2376 πρὸς
406 2289 444 2358 τδ
461 2288 647 2374 Βυζάντιον.
682 2289 768 2376 δίπερ
791 2293 844 2357 καὶ
866 2288 885 2357 δ
905 2289 1006 2375 νόμος
1019 2291 1190 2376 τιμωρίαις

130 2385 287 2472 βαρυτάταις
309 2389 438 2476 κολάζει
459 2386 541 2459 αάτά
561 2392 621 2475 μὲν
646 2385 830 2459 άναλίσκων
843 2394 932 2477 πυρί,
948 2390 1026 2470 τούς
1040 2393 1076 2459 δέ
1090 2397 1191 2458 ταῦτα

102 2488 281 2572 &tralatis-rog
301 2501 435 2571 ποιναῖς
457 2489 721 2576 καθυποβάλλων
743 2489 1050 2576 παλαμναιοτάταις.
1093 2486 1190 2560 άστο·

130 2589 227 2670 talare
248 2590 306 2678 γάρ
328 2597 388 2658 τοῦ
410 2594 537 2659 σκοποῦ
569 2591 616 2671 εἷς
636 2591 695 2680 τὴν
720 2597 786 2657 τῶν
817 2590 998 2681 φαμοάσων
1030 2593 1191 2680 φλυαρίαν

132 2688 305 2761 κατέπιπτον.
348 2690 432 2776 μετά
452 2690 510 2777 γάρ
530 2694 569 2758 τὸ
590 2685 761 2783 άριστῖησαι
790 2690 848 2758 τδν
877 2686 1101 2777 αι’·τοκράτορα
1125 2697 1191 2757 τῶν

202 2905 237 2958 18.
253 2903 369 2974 ὁρῶντες
386 2923 454 2958 orsa.
474 2905 506 2959 F.
680 2907 719 2960 16.
740 2905 755 2972 ἡ
775 2909 842 2965 λέξις
862 2905 892 2968 Ρ,
913 2904 927 2971 ἡ
945 2900 1017 2965 τάξις
1035 2905 1066 2959 C:
1083 2905 1190 2959 seclusi.

203 2974 237 3029 20.
257 2972 506 3048 παλαμναιοτάσαις
524 2977 637 3044 scripsi:
656 2973 908 3048 παλαμνιωστάτιιις
926 2977 955 3029 P.

133 3164 230 3230 laurei
241 3180 344 3233 conscii
357 3177 470 3247 ineunt,
482 3178 621 3233 affirmare
631 3179 703 3233 nolo⁴
722 3179 852 3249 Scytham
862 3184 954 3232 tamen
967 3180 1126 3248 empticium
1136 3197 1191 3232 ser·

133 3254 177 3322 mu
186 3251 282 3303 nomine
291 3249 462 3303 Demetrium
475 3250 510 3303 ad
524 3250 633 3304 eaedem
644 3252 726 3303 istam
739 3250 951 3320 perpetrandam
965 3252 1191 3304 subornaverant.

132 3324 185 3367 erius
192 3317 309 3374 dominus
318 3323 377 3390 ipse
386 3324 478 3374 Aaron
488 3321 551 3375 fuit.
570 3322 635 3375 huic
645 3322 851 3387 mandaverant,
858 3328 890 3374 ut
901 3322 1085 3389 imperatricis
1094 3322 1191 3375 disces-

132 3394 173 3435 fflm
183 3398 329 3458 expectaret
347 3409 380 3445 ae
398 3391 496 3445 deindo
508 3393 676 3447 occasionem
688 3398 803 3447 nanetus
821 3393 888 3446 alam
904 3394 1054 3446 intentaret
1069 3393 1192 3461 gladium

132 3461 210 3522 torpori
224 3462 397 3531 imperatoris
409 3463 451 3516 vel
467 3462 630 3531 deprehensi
647 3466 754 3532 uspiam
766 3465 794 3516 in
814 3465 949 3533 angustiis
962 3464 1004 3516 vel
1019 3463 1190 3517 dormientis.

132 3517 252 3586 Demetrius
266 3535 354 3603 igitur
367 3534 476 3587 caedem
490 3534 619 3587 anhelans
632 3534 734 3588 sermm
748 3536 863 3588 acuebat
874 3534 1061 3602 nefariamque
1081 3551 1192 3587 manum

130 3605 222 3713 potam
233 3604 360 3658 habebat.
385 3605 432 3658 sed
444 3623 544 3658 novum
562 3611 621 3658 tum
637 3606 741 3674 aliquid
756 3607 864 3659 iustitia
877 3613 1015 3674 operatur.
1041 3623 1104 3659 eum
1119 3606 1192 3657 euim

141 3671 205 3746 tutius
220 3676 382 3744 imperatrix
401 3676 474 3745 apud
495 3678 691 3744 imperatorem
713 3683 932 3730 commoraretur
951 3694 1066 3743 cumque
1081 3693 1136 3728 non
1147 3676 1192 3727 de-

131 3748 204 3796 unere
219 3764 277 3801 eum
288 3765 322 3800 ex
334 3747 477 3801 voluntate
488 3749 546 3800 eius
565 3750 651 3816 sequi,
668 3749 760 3801 sicarii
777 3749 824 3800 isti
839 3748 1000 3816 pervigilem
1018 3747 1193 3816 imperatoris

129 3814 237 3870 medem
246 3821 401 3889 Augustam
416 3819 559 3871 etiamtum
583 3818 656 3886 apud
680 3835 741 3871 oum
759 3827 974 3872 commorantem
991 3817 1114 3871 videntes
1134 3823 1193 3869 tan·

128 3875 170 3935 lm
180 3885 317 3959 defatigati
330 3890 463 3944 famosum
477 3889 613 3958 quendam
629 3889 751 3942 libellum
761 3893 790 3942 in
801 3890 975 3958 imperatoris
984 3887 1194 3943 tabernaculum

126 3948 175 4008 Μ
187 3962 366 4027 proiecerunt.
393 3962 441 4030 qui
460 3961 571 4029 quidem
590 3960 698 4014 libellus
716 3961 919 4014 contumeliosis
938 3959 1091 4013 maledictis
1109 3961 1194 4027 impe·

123 4029 197 4095 nari,
205 4037 236 4085 ut
244 4033 298 4086 iter
307 4039 445 4101 pergeret,
458 4032 600 4093 suadebat,
609 4032 751 4100 Augustae
759 4049 833 4099 vero,
853 4037 884 4084 ut
895 4031 1056 4099 Byzantium
1075 4035 1193 4083 reverte·

123 4102 187 4154 rau.
212 4105 382 4157 severissime
394 4120 459 4156 vero
473 4102 541 4156 talia
551 4121 584 4156 ex
595 4103 654 4172 lege
668 4103 823 4171 puniuntur
838 4103 950 4169 scripta.
965 4107 995 4154 ut
1010 4103 1069 4170 ipsa
1083 4100 1194 4169 quidem

118 4166 230 4242 inignem
242 4174 409 4241 inferantur,
419 4174 543 4227 homiues
554 4180 646 4227 autem
663 4191 695 4226 ea
713 4173 802 4227 facere
820 4175 878 4226 ausi
899 4174 1076 4225 atrocissimis
1096 4172 1194 4224 subici·

112 4248 184 4297 antur
211 4247 314 4314 poenis.
360 4262 398 4313 po
444 4263 509 4298 uam
535 4247 623 4314 igitur
656 4245 762 4299 frustra
790 4246 837 4298 diu
861 4248 1084 4311 expectaverunt,
1110 4244 1137 4294 in
1157 4241 1194 4293 fa-

111 4330 236 4370 mosorum
254 4333 343 4386 nugas
365 4316 422 4370 inci
441 4320 531 4371 erunt.
564 4333 665 4385 pranso
684 4317 758 4369 enim
781 4316 949 4384 imperatore
970 4331 1033 4368 cum
1058 4313 1196 4383 plerisque
