2670 4866
434 447 629 499 Annxmms
651 448 720 497 LIB.
742 447 818 497 XIII.
842 439 869 497 3.
950 450 958 459 “
1142 436 1201 498 187

138 616 165 683 ri
180 615 344 705 μηχάνημα,
363 617 418 681 ἵνα
438 613 483 701 μή
506 620 578 694 ταῖς
600 607 749 703 ιιίθήσεσι
769 612 808 681 τά
830 617 945 702 στέγος
966 612 1201 694 ὄιασαλεάοιτο,

140 713 251 784 ίσαάθά
270 741 358 794 τινες
386 706 505 799 άνδρες
526 711 779 801 ῥωμαλεώτατοι
800 713 1007 799 ἑκατέρωθεν
1028 719 1087 782 τοῦ
1109 718 1201 799 κριοῦ

139 819 261 906 σρολριάς
290 812 461 895 ὠθοῦντες
494 815 551 881 ἐπὶ
581 811 620 881 τά
642 822 751 896 τεῖχος
780 811 907 897 εἴχοντο
938 820 996 903 τῆς
1022 812 1202 900 ὁμοταγοῦς

139 915 256 1004 ιοιαίτης
276 914 444 1006 κινήσεως.
484 917 538 982 καί
559 913 591 983 oi
614 916 674 1000 μὲν
695 913 856 999 καθάπαξ
881 907 1020 1004 ιῖίθησαν
1047 918 1203 1004 σφοδρῶς
1211 928 1242 983 Ρ.
1261 928 1314 984 382

123 1016 180 1085 λιόν
201 1021 293 1105 κριόν,
332 1015 350 1084 ὁ
383 1020 419 1085 δὲ
450 1013 611 1100 καθάπαξ
641 1017 858 1100 παρενεχθεὶς
890 1013 1073 1102 ἕσπάραττέ
1103 1013 1202 1084 τετὸ

140 1125 218 1201 τεῖχος
234 1120 287 1185 καὶ
309 1119 443 1185 ἐκεῖθεν
471 1111 744 1202 α’ποκρουάμενος
765 1119 819 1184 καὶ
847 1114 1117 1202 παλιμπάρεοτον
1145 1115 1204 1206 τὴν

141 1216 219 1305 φοράν
247 1214 447 1302 ποιούμενος
479 1213 771 1301 άντεσπαράττετο.
827 1220 881 1284 καὶ
915 1223 1014 1286 τοῦτο
1045 1214 1203 1296 πολλάκις

96 1398 102 1409 .
141 1316 219 1385 ίποίει
236 1321 317 1398 τέως
338 1315 496 1397 πολλάκις
518 1313 780 1407 περιφερόμενος
799 1316 1004 1402 ἑκατέρωθεν
1025 1320 1079 1384 καί
1100 1322 1203 1385 διατι-

140 1420 246 1502 ιραίνων
265 1417 303 1487 τά
327 1425 437 1502 τεῖχος
458 1412 517 1486 oris
540 1415 641 1506 ἔληγε.
684 1416 778 1503 κριὸν
806 1420 842 1486 δὲ
863 1416 1000 1499 εἰκότως
1021 1415 1053 1487 οἱ
1073 1413 1203 1504 άρχαῖοι

112 1520 275 1613 Ῑλμρχανικοὶ
297 1522 352 1587 καί
368 1519 447 1603 περὶ
461 1516 503 1584 τά
513 1515 653 1603 Γάδειρα
666 1524 765 1587 τοῦτο
793 1517 1009 1609 ἐφειιρηκάτες
1029 1543 1202 1604 προσωνο·

141 1615 247 1697 closo
266 1623 300 1688 ἐκ
318 1624 510 1708 μεταφορᾶς
528 1622 595 1685 τῶν
617 1622 694 1687 καθ’
718 1616 802 1708 ἡμᾶς
823 1630 930 1705 κριῶν,
959 1617 996 1687 οἳ
1012 1623 1081 1686 κατ’
1104 1616 1203 1708 ἀλλή-

142 1717 189 1782 los
209 1716 473 1806 άντεπερχόμενοι
501 1717 779 1806 άιαγομνάζονται,
830 1714 898 1787 ἄλλ’
928 1717 959 1787 οἱ
991 1719 1085 1788 ἔν’δον
1106 1737 1204 1786 κατα-

141 1818 263 1901 γελῶντες
292 1827 351 1909 τῆς
379 1825 531 1910 τραγικῆς
554 1822 689 1908 ταυτησὶ
709 1823 916 1906 τειχομαχίας
947 1817 1203 1909 τῶνβαρβάρων

142 1913 236 1986 τρίτον
253 1924 305 1989 καὶ
326 1919 515 2010 κριοφάρων
534 1918 660 2011 ἀνδρῶν
679 1924 733 1989 καὶ
748 1920 798 1989 ὅτι
821 1921 870 2002 εἷς
891 1916 985 1989 οὐδὲν
1008 1915 1121 2000 αὐτοῖς
1143 1946 1203 1987 πε·
1212 1930 1244 1984 V.
1264 1930 1316 1984 308

112 2018 261 2098 ιθραιοίπαι
279 2019 321 2087 τὰ
336 2025 395 2109 τῆς
415 2022 615 2110 πολιορκίας,
643 2015 905 2102 ἀναπετάσαντες
929 2019 987 2101 τάς
1008 2017 1114 2100 πάλας
1135 2020 1234 2088 ἐκέ-Β

142 2112 213 2182 leros
228 2119 354 2189 εἰσιέναι.
377 2122 614 2206 καταγελῶντες
634 2125 702 2187 τῶν
723 2116 794 2189 οίπὸ
815 2125 875 2189 τοῦ
903 2128 996 2211 κριοῦ
1017 2145 1203 2207 προσκρου-

142 2209 455 2306 μάτωνὲγγινομένισν.
489 2214 554 2287 “ori
576 2219 639 2307 γάρ
657 2217 719 2286 W
743 2219 869 2310 ἔφασαν
892 2220 1090 2308 “εῗργάσαιτο
1111 2219 1205 2307 κριάς

142 2319 260 2386 τοιοῦτον
278 2317 387 2406 χάσμα
411 2322 445 2388 ἐκ
466 2324 525 2411 τῆς
548 2322 616 2387 κατ’
638 2317 738 2390 αάτάν
757 2325 972 2409 τειχομαχίας,
990 2316 1064 2391 οἷον
1084 2320 1104 2411 ἡ
1118 2325 1204 2408 πύλη

142 2418 311 2500 παρέχεται.”
347 2424 447 2489 τοῦτο
467 2423 526 2506 μὲν
548 2410 606 2488 οὖν
627 2416 742 2489 αι’τίκα
761 2428 801 2514 τῇ
822 2429 889 2491 τῶν
911 2422 1051 2491 ἔνδοθεν
1070 2417 1203 2510 άνδρείρι

108 2512 183 2578 aaut
198 2524 234 2606 τῷ
251 2523 424 2608 θαρραλέῳ
451 2526 509 2587 τοῦ
531 2529 787 2608 στρατηγοῦντος
817 2518 965 2608 Ἀλεξίον
991 2526 1044 2591 καί
1070 2518 1205 2609 ἀδελφι-

140 2610 185 2675 δοῦ
201 2625 249 2687 τοῦ
268 2618 508 2707 αὐτοκράτορος
521 2615 669 2704 Ἀλεξίου
685 2623 732 2702 εἰς
741 2622 841 2691 κενὸν
858 2618 1096 2702 ἀποδέδεικται,
1114 2624 1205 2709 ἐρρα-

142 2713 307 2802 truscos
328 2724 383 2788 καί
411 2716 519 2788 αἰτῶν
549 2726 616 2788 τῶν
639 2725 807 2806 πολεμίων
837 2721 916 2792 ὅσον
943 2749 978 2809 γε
1002 2721 1087 2807 πρὸς
1106 2727 1203 2789 τοῦτο

216 2940 317 3021 &stuc
337 2962 451 3031 scripsi:
470 2961 521 3020 ἕως
538 2963 568 3015 Ρ.
664 2966 703 3016 ll.
723 2968 768 3017 καὶ
785 2965 843 3018 κατ’
863 2967 893 3034 Ρ,
911 2970 957 3020 καὶ
975 2983 1029 3020 om.
1049 2966 1080 3019 F.
1164 2969 1205 3019 12.

214 3028 490 3158 ξόπαγὲρέόμὲνοιῆ
523 3099 556 3156 ,δ
571 3107 585 3155 λ
601 3034 640 3157 1⁴35.
659 3029 750 3158 αλιΡοίς
768 3038 927 3106 περατοῦται
946 3040 977 3101 F,
996 3033 1085 3096 αὐτοῖς
1102 3055 1156 3091 om,
1174 3037 1204 3090 P.

246 3124 422 3176 ,αεφιοο
493 3123 732 3177 ,αεφιοος.

140 3346 177 3405 ⁸¹2,
191 3367 224 3429 ¹uc
240 3354 340 3408 ictibus
359 3358 464 3408 tectum
482 3360 684 3409 concuteretur.
720 3357 780 3407 tum
798 3353 854 3407 viri
884 3353 996 3422 quidam
1021 3354 1206 3408 robustissimi

141 3424 391 3492 ⁰¹11n1viutrimqua
416 3427 530 3479 arietem
558 3427 588 3478 in
616 3443 726 3478 murum
748 3425 925 3493 impellebant
955 3425 1114 3492 aequalibus
1142 3443 1206 3480 con·

140 3485 300 3564 potitusque
330 3497 459 3549 motibus.
500 3497 600 3566 quibus
624 3502 681 3550 tam
704 3495 881 3550 vehementer
903 3499 1016 3549 arietem
1040 3497 1205 3564 protruden-

140 3552 196 3611 αλια
221 3565 319 3622 iactum
359 3572 415 3635 cst,
447 3573 479 3621 ut
512 3568 558 3621 ille
586 3567 715 3621 admotus
752 3572 780 3620 et
811 3584 920 3620 murum
951 3567 1149 3621 comminueret
1178 3572 1206 3621 et

140 3630 237 3711 ‘wlleus
260 3657 290 3694 ac
308 3655 435 3692 reversus
453 3639 512 3707 ipse
538 3640 780 3693 comminueretur.
827 3638 900 3706 quod
928 3639 1037 3707 saepius
1069 3643 1128 3691 tum
1157 3639 1206 3691 ite·

141 3705 280 3763 tentarios
307 3708 383 3762 ultro
421 3710 547 3777 citroque
578 3726 660 3777 saepe
694 3710 877 3763 circumactus
907 3727 939 3762 ac
975 3709 1116 3778 perforare
1149 3726 1207 3761 mu·

141 3778 247 3833 ml11non
264 3780 382 3834 destitit.
419 3781 534 3834 arietem
560 3782 608 3847 qui
627 3780 692 3833 olim
712 3781 881 3850 excogitasse
905 3781 979 3834 circa
997 3779 1086 3833 Gades
1113 3780 1205 3832 ferun-

140 3836 176 3916 ll?
196 3851 336 3926 Jneohanici
360 3852 459 3905 merito
484 3852 524 3904 sic
543 3852 722 3904 nominarunt
741 3852 904 3919 metaphora
921 3856 1033 3919 sumpta
1051 3851 1085 3904 de
1104 3851 1207 3904 nostris

140 3915 256 3986 mellitus,
281 3923 330 3990 qui
358 3926 456 3975 mutuo
487 3938 544 3975 sese
574 3922 743 3977 offendentes
772 3921 880 3975 ludunt.
927 3939 1022 3975 vorum
1048 3922 1096 3988 qui
1132 3922 1208 3974 intra

141 3988 206 4060 Μ)
220 3994 352 4062 tragicum
381 3992 507 4046 illumin
526 4010 619 4047 muros
643 3994 776 4062 impetum
795 3993 978 4046 barbarorum
1002 3991 1206 4046 arietiierorum

141 4056 273 4130 ¹“1ltmqne
300 4063 472 4118 obsidionem
490 4063 645 4117 irridebant
672 4070 700 4117 et
717 4065 807 4132 portis
826 4063 972 4132 patefactis
991 4063 1027 4116 ad
1045 4063 1206 4116 intrandum

141 4112 293 4188 b‘inibantur
322 4136 418 4188 arietis
444 4135 547 4189 ictibus
565 4135 645 4204 plane
663 4135 838 4204 contemptis·
876 4151 1025 4203 numquam
1045 4135 1118 4187 enim
1137 4135 1205 4187 sris-

142 4190 185 4244 “ffl
198 4215 264 4266 pessa
275 4206 304 4259 in
317 4205 461 4260 obsidione
472 4206 570 4259 rimam
589 4211 696 4260 tantam
709 4205 817 4260 efficere
830 4205 971 4258 iactabant
981 4209 1111 4273 quantam
1125 4210 1207 4273 porta

141 4267 264 4329 Ματρί.
311 4278 352 4331 εἰσ
368 4277 541 4331 obsessorum
569 4276 734 4332 fortitudine
762 4282 790 4330 et
809 4277 901 4329 Alexii
924 4275 1011 4337 ducis,
1030 4277 1206 4345 imperatoris

142 4341 232 4410 ”wis
247 4348 351 4403 virtute
368 4347 416 4401 ille
432 4347 553 4418 impetus
569 4365 655 4403 vanus
672 4348 728 4403 fuit
738 4348 807 4418 ipsis
817 4347 945 4403 hostibus
957 4349 999 4401 ita
1011 4346 1206 4420 languentibus
