2670 4866
329 448 525 502 anaxnms
546 449 617 501 ΠΒ.
637 449 700 501 ΧΠ,
723 440 752 500 7.
1033 438 1090 499 161

93 615 174 707 νίγιω
191 623 260 686 τῶν
279 622 338 708 τῆς
360 616 617 707 φιλανθρωπίας
638 616 756 699 χειρῶν
776 607 985 684 ἀπολέλυκεν.
1016 611 1046 681 εί
1068 617 1097 683 δ’

93 724 177 803 dales
197 720 329 800 ὲκείνας,
352 714 517 803 σάμβολάν
539 718 608 785 ε’στι
628 720 738 797 τοῦτο,
768 712 814 795 είς
844 718 950 802 δῆθεν
977 718 1030 784 καί
1055 714 1095 784 τά

93 823 164 888 lawr
183 818 304 906 κράτος
324 816 462 898 τούτους
481 811 651 885 άπώσατο.
682 821 740 904 τῆς
764 813 868 904 Τύχης
889 804 947 883 οὖν
968 817 1037 885 ἐστι
1055 815 1130 883 τάΙ)

93 916 142 989 tud
158 919 216 1010 τὴν
236 920 396 1006 τιμωρίαν
412 914 619 1005 ἀνθρώπων·
633 910 672 1005 ἢν
686 915 754 1002 ίγιί,
766 917 864 983 θείαν
881 921 997 1007 ψῆφον
1012 910 1097 984 εἶναι

93 1024 174 1103 ζομαι,
198 1021 254 1086 καί
275 1021 327 1086 δεῖ
348 1020 459 1085 καλεῖν
480 1018 604 1104 ἐκείνην
624 1015 672 1097 είς
693 1012 833 1103 άρωγίν.
867 1013 961 1105 ἢγάρ
982 1016 1024 1084 τά
1038 1022 1098 1108 τῆς

93 1121 210 1199 ιιθείας
236 1117 328 1199 ἐντὸς
360 1116 491 1208 ἔφθακε
522 1122 589 1185 τῶν
618 1122 736 1204 χειροῖν
767 1120 822 1184 καί
852 1115 1005 1209 ίξῄρηντο
1030 1123 1097 1185 τῶν

93 1213 154 1285 ’νων
185 1216 217 1288 οῖ
240 1214 513 1307 δυστυχοῦντεςῆ
541 1216 600 1299 τάς
625 1223 737 1303 χεῖρας
766 1215 1017 1303 παρωδεικότες
1042 1220 1097 1285 καί

93 1344 119 1385 ω
146 1322 308 1409 σωτηρίας
339 1318 431 1389 είσίν.
480 1316 542 1406 ἐγώ
573 1320 610 1387 δὲ
630 1320 669 1387 τά
690 1323 759 1386 πᾶν
781 1317 829 1399 εἷς
848 1318 907 1407 τὴν
926 1325 986 1388 τοῦ
1010 1324 1096 1388 Θεοῦ

93 1419 175 1508 ίθημι
199 1417 368 1507 πρόνοιαν,
389 1413 410 1507 ἢ
430 1421 485 1486 καί
505 1415 580 1486 τότε
613 1417 671 1486 τάν
698 1410 800 1504 άνάρα
830 1424 888 1510 τῆς
919 1416 1097 1506 ίξοράξεως

97 1513 245 1606 σ’μμάτων
264 1525 382 1588 τοῦτον
402 1520 553 1603 ἐξείλετο.
600 1517 686 1599 Θεὸς
713 1517 773 1607 γάρ
802 1516 896 1606 ἡμᾶς,
927 1516 974 1598 οῖς
997 1516 1094 1600 ἔοικε,

93 1624 230 1706 pactas
251 1621 396 1707 ἐκίνησεν
416 1616 464 1698 εἷς
492 1617 551 1708 τὴν
576 1615 696 1687 τούτου
722 1616 942 1704 συμπάθειαν.
987 1615 1006 1686 ά
1036 1614 1096 1705 γάρ
1105 1625 1135 1680 Ρ.
1151 1625 1207 1677 664

93 1725 130 1809 τῆς
149 1723 312 1815 σωτηρίας
333 1712 469 1806 άγγελος
490 1716 641 1799 σπεύσας
665 1716 765 1788 ἔνθεν
784 1724 844 1806 τῆς
866 1717 998 1805 ἁψῖδος,
1023 1706 1098 1810 ἕνῇ

93 1820 167 1887 aaut
197 1827 306 1906 χεῖρες
335 1808 418 1907 ἦσαν
450 1820 706 1907 ἐμπεπηγμένον,
740 1816 779 1886 τό
811 1821 870 1909 τῆς
891 1819 1099 1905 συμπαθείας

93 1917 203 2003 μάτιον
224 1919 360 2001 ἐπιόοάς
379 1927 451 2001 τοῖς
473 1919 532 1989 τὸν
556 1919 689 2009 Μιχαὴλ
717 1911 851 2006 άγουσιν
871 1920 1002 1987 ἐκεῖθεν
1023 1921 1099 1985 τοῦ·

93 2019 188 2104 λαβὼν
210 2018 398 2111 ὑπέστρεφε
418 2023 472 2088 καί
483 2018 677 2104 καταλαβών
688 2018 746 2088 τὸν
761 2014 861 2108 άγχοῦ
881 2024 948 2086 τῶν
963 2015 1099 2087 άνακτό·

97 2114 340 2209 άκοδομημὲνον
367 2118 492 2209 πύργον
522 2126 614 2188 κεῖθι
646 2125 764 2188 τοῦτον
794 2123 967 2206 καθεῖρξε·
1000 2122 1098 2187 τοῦτο

93 2226 216 2313 ποιῆσαι
240 2223 442 2290 κεκέλευστο.
523 2277 526 2284 .

105 2329 128 2391 l.
171 2315 276 2391 Οάπω
298 2325 326 2389 d'
351 2309 448 2402 οίτος
469 2325 528 2402 τῖς
549 2320 678 2409 εἱρκτῆς
703 2314 933 2412 ἠλευθεροῦτο
966 2320 1021 2385 καί
1040 2316 1099 2387 τάν

93 2416 176 2506 άριον
198 2409 299 2501 αὖθις
324 2419 421 2509 ἢτοῦ
442 2415 564 2506 Ἀνεμᾶ
585 2416 672 2505 εἶχεν
692 2417 812 2512 είρκτὴ.
854 2417 979 2507 πύργος
1004 2422 1032 2486 d'
1056 2407 1097 2506 ἦν

93 2545 121 2599 τις
140 2527 207 2588 τῶν
220 2515 320 2608 ἀγχοῦ
333 2527 400 2588 τῶν
415 2522 449 2587 ἐν
465 2523 661 2607 Βλαχὲρναις
677 2515 865 2607 ἀνακτόρων
887 2521 1097 2605 διακειμένων

93 2624 118 2685 iv
135 2629 191 2713 της
225 2620 365 2702 πόλεως,
390 2619 409 2689 ὁ
442 2627 501 2689 τοῦ
522 2616 643 2707 Ἀνεμᾶ
672 2619 883 2706 καλούμενος,
919 2619 1032 2704 ὥσπερ
1065 2645 1098 2686 τι

103 2835 124 2916 ξ.
142 2829 283 2905 συμβουλή
302 2832 329 2886 C.
438 2836 462 2887 3.
479 2832 512 2885 τά
530 2832 634 2887 addidi.
745 2834 785 2887 10.
803 2828 906 2887 τούτων
923 2833 952 2888 C.
1056 2833 1098 2885 12.

103 2908 212 2974 αγγελος
231 2905 254 2957 F
255 2904 284 2971 C,
293 2900 381 2988 ,ἄλλος
398 2904 427 2957 P.
535 2977 548 2989 η
567 2907 607 2959 14.
627 2900 805 2977 γραμμάτιον
823 2905 855 2969 F,
875 2899 1050 2975 γραμμάτων
1067 2903 1098 2957 Ρ.

106 2978 139 3031 18.
159 2976 336 3045 ηλευθερουιο
356 2975 385 3044 (l,
401 2976 579 3046 ἐλευθερουιο
598 2974 628 3030 Ρ.

114 3225 178 3277 quas
205 3213 299 3261 tamen
317 3208 340 3260 si
358 3207 406 3275 qni
433 3207 599 3276 transgressi
616 3211 689 3275 sunt,
715 3205 768 3260 hoc
792 3210 958 3276 argumento
977 3211 1027 3275 est,
1048 3207 1099 3260 im·

93 3282 140 3333 tria
165 3284 305 3348 potestate
322 3296 368 3331 eos
394 3296 452 3332 esse
482 3278 517 3331 ad
543 3277 710 3346 supplicium
739 3278 885 3346 proiectos.
929 3295 1012 3347 penes
1030 3278 1099 3333 For·

93 3352 203 3420 sigitur
226 3349 362 3418 supplicio
385 3348 580 3402 damnatorum
607 3349 749 3403 hominum
768 3367 827 3403 sors
844 3354 899 3403 est:
929 3366 1011 3417 quam
1026 3336 1098 3402 For·

93 3437 102 3473 r
127 3421 252 3491 squidem
292 3421 418 3474 divinum
447 3421 588 3475 oraculum
627 3437 685 3474 esse
713 3421 883 3489 interpretor
918 3438 1032 3490 eamque
1069 3421 1098 3473 iu

93 3510 135 3547 'nm
162 3510 261 3547 vocare
287 3509 350 3545 saue
379 3509 448 3561 opus
472 3497 521 3545 est.
558 3492 660 3545 etenim
685 3496 734 3545 aut
764 3493 839 3545 intra
863 3509 960 3545 manus
991 3494 1098 3546 veniam

94 3564 101 3615 i
117 3564 237 3618 infelices
263 3562 391 3631 periculis
409 3564 564 3617 liberantur
582 3567 631 3616 aut
656 3579 752 3615 manus
775 3565 938 3632 transgressi
957 3565 1032 3617 omni
1051 3580 1098 3632 spe

93 3636 315 3689 sdestituuntur.
362 3652 413 3703 ego
431 3651 496 3687 vero
515 3636 608 3688 omnia
626 3635 654 3688 in
674 3633 769 3688 divina
795 3635 898 3688 colloco
915 3635 1098 3703 providentia,

102 3712 157 3759 tum
177 3722 288 3776 quoque
306 3706 389 3758 istum
405 3707 496 3759 virum
515 3706 550 3759 sb
568 3706 711 3762 oculorum
723 3705 865 3759 effossione
876 3706 1013 3759 liberavit.
1032 3705 1099 3758 deus

100 3781 161 3832 tunc
178 3795 237 3840 nos,
256 3781 289 3830 ut
307 3782 520 3830 consentancum
539 3781 589 3845 est,
608 3777 643 3829 ad
661 3777 910 3830 commiserandum
929 3776 1007 3829 illum
1025 3794 1099 3830 com·

93 3863 104 3900 t
136 3849 232 3903 salutis
249 3850 337 3918 igitur
357 3849 471 3901 nuntius
490 3848 524 3900 ad
544 3847 678 3902 fornicem
697 3865 857 3917 properans,
881 3849 910 3900 in
929 3864 984 3916 quo
1003 3864 1100 3900 manus

93 3919 222 3974 adefixae
240 3924 329 3983 eraut,
348 3921 455 3988 gratiae
473 3921 568 3972 literas
585 3920 628 3988 iis,
651 3919 868 3988 quiMichaelem
886 3918 1032 3987 ducebant,
1055 3918 1100 3971 de·

95 4007 144 4059 quc
170 3991 244 4045 lacto
266 4008 328 4044 cnm
354 3990 402 4044 illo
427 4007 551 4044 reversus
571 3996 600 4044 et
625 3990 660 4044 ad
679 3991 782 4044 turrim
806 4008 834 4044 ss
851 3989 994 4043 conferens
1013 4006 1100 4058 prope

93 4076 113 4113 n
127 4062 298 4117 aedificatam
316 4062 356 4115 ibi
375 4079 438 4115 eum
458 4061 578 4129 inclusit,
597 4061 625 4114 id
644 4061 718 4130 quod
736 4061 826 4115 lacere
843 4062 933 4113 iussus
951 4065 1017 4114 erat.

93 4131 106 4185 l.
137 4133 260 4189 Necdum
285 4150 395 4188 carcere
420 4133 442 4186 is
465 4133 598 4186 liberatus
616 4137 685 4200 erat,
710 4150 773 4186 cum
791 4132 956 4200 Gregorium
979 4131 1102 4185 Anemae

93 4202 132 4256 dis
157 4206 275 4275 excepit.
311 4206 399 4258 turris
426 4208 519 4258 autem
543 4208 604 4258 erat
626 4219 681 4257 una
708 4204 794 4257 exiis
817 4219 887 4272 quae
906 4204 935 4256 in
963 4204 1102 4257 moenium

107 4277 194 4347 regiae
212 4277 242 4330 in
255 4274 417 4329 Blachernis
434 4280 504 4329 sitne
520 4276 692 4329 contermina
703 4273 855 4344 dispositae
871 4279 959 4341 erant,
977 4280 1103 4329 vocatur-

93 4352 202 4416 tnsmae;
222 4365 304 4417 quam
324 4347 536 4417 appellationem
555 4347 632 4416 quasi
643 4346 761 4415 quedam
780 4349 854 4399 sorte
871 4362 904 4400 eo
921 4345 1011 4410 duxit,
1029 4343 1103 4414 quod

93 4452 305 4510 τοσσοσιοιοικ
342 4453 384 4509 Π
880 4455 912 4507 11
