<?xml version="1.0" encoding="UTF-8"?>
<!DOCTYPE html PUBLIC "-//W3C//DTD XHTML 1.0 Transitional//EN"
    "http://www.w3.org/TR/xhtml1/DTD/xhtml1-transitional.dtd">
<html xmlns="http://www.w3.org/1999/xhtml" xml:lang="en" lang="en">
 <head>
  <title>
</title>
<meta http-equiv="Content-Type" content="text/html;charset=utf-8" />
  <meta name='ocr-system' content='tesseract 3.04.00' />
  <meta name='ocr-capabilities' content='ocr_page ocr_carea ocr_par ocr_line ocrx_word'/>
</head>
<body>
  <div class='ocr_page' id='page_1' title='image "./corpusscriptoru12berlgoog_0014.png"; bbox 0 0 2670 4866; ppageno 0'>
   <div class='ocr_carea' id='block_1_1' title="bbox 403 1726 762 1804">
    <p class='ocr_par' dir='ltr' id='par_1_1' title="bbox 403 1726 762 1804">
     <span class='ocr_line' id='line_1_1' title="bbox 403 1726 762 1804; baseline -0.003 -1"><span class='ocrx_word' id='word_1_1' title='bbox 403 1726 762 1804; x_wconf 80' lang='lat' dir='ltr'><strong>PRAEFATIO.</strong></span> 
     </span>
    </p>
   </div>
   <div class='ocr_carea' id='block_1_2' title="bbox 69 2096 1135 3825">
    <p class='ocr_par' dir='ltr' id='par_1_2' title="bbox 69 2096 1135 3825">
     <span class='ocr_line' id='line_1_2' title="bbox 151 2096 1134 2175; baseline 0.002 -4"><span class='ocrx_word' id='word_1_2' title='bbox 151 2096 187 2173; x_wconf 95' lang='lat' dir='ltr'>ln</span> <span class='ocrx_word' id='word_1_3' title='bbox 224 2098 465 2175; x_wconf 78' lang='lat' dir='ltr'>recensendis</span> <span class='ocrx_word' id='word_1_4' title='bbox 506 2124 571 2174; x_wconf 87' lang='lat' dir='ltr'>sex</span> <span class='ocrx_word' id='word_1_5' title='bbox 609 2096 753 2173; x_wconf 81' lang='lat' dir='ltr'>ultimis</span> <span class='ocrx_word' id='word_1_6' title='bbox 787 2097 986 2174; x_wconf 84' lang='lat' dir='ltr'>Alexiadis</span> <span class='ocrx_word' id='word_1_7' title='bbox 1024 2098 1134 2174; x_wconf 88' lang='lat' dir='ltr'>libris</span> 
     </span>
     <span class='ocr_line' id='line_1_3' title="bbox 75 2212 1134 2316; baseline 0.005 -32"><span class='ocrx_word' id='word_1_8' title='bbox 75 2216 255 2312; x_wconf 82' lang='lat' dir='ltr'>praecipue,</span> <span class='ocrx_word' id='word_1_9' title='bbox 280 2229 322 2289; x_wconf 90' lang='lat' dir='ltr'>ut</span> <span class='ocrx_word' id='word_1_10' title='bbox 347 2242 418 2316; x_wconf 90' lang='lat' dir='ltr'>par</span> <span class='ocrx_word' id='word_1_11' title='bbox 435 2216 518 2311; x_wconf 89' lang='lat' dir='ltr'>fuit,</span> <span class='ocrx_word' id='word_1_12' title='bbox 548 2213 721 2289; x_wconf 81' lang='lat' dir='ltr'>codicem</span> <span class='ocrx_word' id='word_1_13' title='bbox 740 2214 1004 2290; x_wconf 83' lang='lat' dir='ltr'>Florentinum</span> <span class='ocrx_word' id='word_1_14' title='bbox 1025 2212 1134 2311; x_wconf 87' lang='lat' dir='ltr'>(saec.</span> 
     </span>
     <span class='ocr_line' id='line_1_4' title="bbox 74 2327 1133 2429; baseline -0.005 -17"><span class='ocrx_word' id='word_1_15' title='bbox 74 2335 129 2412; x_wconf 69' lang='grc' dir='ltr'>ΧΠ)</span> <span class='ocrx_word' id='word_1_16' title='bbox 146 2359 223 2407; x_wconf 86' lang='lat' dir='ltr'>rara</span> <span class='ocrx_word' id='word_1_17' title='bbox 248 2331 326 2407; x_wconf 90' lang='lat' dir='ltr'>fide</span> <span class='ocrx_word' id='word_1_18' title='bbox 346 2331 534 2428; x_wconf 83' lang='lat' dir='ltr'>insignem</span> <span class='ocrx_word' id='word_1_19' title='bbox 555 2327 613 2428; x_wconf 78' lang='lat' dir='ltr'>(F)</span> <span class='ocrx_word' id='word_1_20' title='bbox 642 2345 793 2408; x_wconf 89' lang='lat' dir='ltr'>secutus</span> <span class='ocrx_word' id='word_1_21' title='bbox 820 2357 916 2426; x_wconf 85' lang='lat' dir='ltr'>sum,</span> <span class='ocrx_word' id='word_1_22' title='bbox 945 2332 1011 2429; x_wconf 90' lang='lat' dir='ltr'>qui</span> <span class='ocrx_word' id='word_1_23' title='bbox 1033 2331 1133 2407; x_wconf 91' lang='lat' dir='ltr'>inter</span> 
     </span>
     <span class='ocr_line' id='line_1_5' title="bbox 74 2440 1134 2546; baseline 0.005 -31"><span class='ocrx_word' id='word_1_24' title='bbox 74 2440 233 2523; x_wconf 84' lang='lat' dir='ltr'>Mediceos</span> <span class='ocrx_word' id='word_1_25' title='bbox 260 2448 535 2522; x_wconf 81' lang='lat' dir='ltr'>Laurentianus</span> <span class='ocrx_word' id='word_1_26' title='bbox 571 2447 666 2546; x_wconf 93' lang='lat' dir='ltr'>plut.</span> <span class='ocrx_word' id='word_1_27' title='bbox 692 2456 779 2515; x_wconf 84' lang='lat' dir='ltr'>LXX</span> <span class='ocrx_word' id='word_1_28' title='bbox 815 2450 836 2518; x_wconf 79' lang='lat'>2</span> <span class='ocrx_word' id='word_1_29' title='bbox 873 2442 938 2543; x_wconf 84' lang='lat' dir='ltr'>(cf.</span> <span class='ocrx_word' id='word_1_30' title='bbox 968 2446 1134 2522; x_wconf 91' lang='lat' dir='ltr'>Bandini</span> 
     </span>
     <span class='ocr_line' id='line_1_6' title="bbox 73 2563 1131 2652; baseline 0.008 -22"><span class='ocrx_word' id='word_1_31' title='bbox 73 2563 155 2638; x_wconf 73' lang='lat' dir='ltr'>caui.</span> <span class='ocrx_word' id='word_1_32' title='bbox 173 2564 256 2639; x_wconf 91' lang='lat' dir='ltr'>cod.</span> <span class='ocrx_word' id='word_1_33' title='bbox 283 2566 419 2641; x_wconf 82' lang='lat' dir='ltr'>Graec.</span> <span class='ocrx_word' id='word_1_34' title='bbox 437 2564 528 2638; x_wconf 84' lang='lat' dir='ltr'>bibl.</span> <span class='ocrx_word' id='word_1_35' title='bbox 546 2564 723 2637; x_wconf 87' lang='lat' dir='ltr'>Laurent.</span> <span class='ocrx_word' id='word_1_36' title='bbox 746 2574 774 2631; x_wconf 91' lang='lat'>11</span> <span class='ocrx_word' id='word_1_37' title='bbox 793 2566 878 2652; x_wconf 80' lang='lat'>656)</span> <span class='ocrx_word' id='word_1_38' title='bbox 896 2564 1131 2639; x_wconf 84' lang='lat' dir='ltr'>adservatur.</span> 
     </span>
     <span class='ocr_line' id='line_1_7' title="bbox 74 2680 1132 2779; baseline 0.004 -29"><span class='ocrx_word' id='word_1_39' title='bbox 74 2698 127 2770; x_wconf 80' lang='lat' dir='ltr'>ego</span> <span class='ocrx_word' id='word_1_40' title='bbox 146 2708 225 2756; x_wconf 88' lang='lat' dir='ltr'>eum</span> <span class='ocrx_word' id='word_1_41' title='bbox 249 2680 339 2755; x_wconf 91' lang='lat' dir='ltr'>inde</span> <span class='ocrx_word' id='word_1_42' title='bbox 366 2680 505 2755; x_wconf 91' lang='lat' dir='ltr'>alibro</span> <span class='ocrx_word' id='word_1_43' title='bbox 533 2680 681 2755; x_wconf 89' lang='lat' dir='ltr'>decimo</span> <span class='ocrx_word' id='word_1_44' title='bbox 710 2681 905 2779; x_wconf 89' lang='lat' dir='ltr'>usquead</span> <span class='ocrx_word' id='word_1_45' title='bbox 932 2680 1022 2755; x_wconf 84' lang='lat' dir='ltr'>libri</span> <span class='ocrx_word' id='word_1_46' title='bbox 1049 2690 1132 2754; x_wconf 84' lang='lat' dir='ltr'><strong>XIV.</strong></span> 
     </span>
     <span class='ocr_line' id='line_1_8' title="bbox 73 2792 1133 2892; baseline 0.007 -29"><span class='ocrx_word' id='word_1_47' title='bbox 73 2809 159 2887; x_wconf 84' lang='lat' dir='ltr'>caput</span> <span class='ocrx_word' id='word_1_48' title='bbox 190 2803 222 2891; x_wconf 82' lang='lat'>8,</span> <span class='ocrx_word' id='word_1_49' title='bbox 259 2798 326 2871; x_wconf 92' lang='lat' dir='ltr'>ubi</span> <span class='ocrx_word' id='word_1_50' title='bbox 361 2797 400 2871; x_wconf 88' lang='lat' dir='ltr'>in</span> <span class='ocrx_word' id='word_1_51' title='bbox 430 2797 548 2870; x_wconf 87' lang='lat' dir='ltr'>verbo</span> <span class='ocrx_word' id='word_1_52' title='bbox 585 2792 737 2878; x_wconf 69' lang='grc' dir='ltr'><strong><em>α’ποίσας</em></strong></span> <span class='ocrx_word' id='word_1_53' title='bbox 771 2801 869 2892; x_wconf 78' lang='lat'>(295,</span> <span class='ocrx_word' id='word_1_54' title='bbox 900 2794 960 2891; x_wconf 79' lang='lat'>13)</span> <span class='ocrx_word' id='word_1_55' title='bbox 996 2797 1133 2891; x_wconf 85' lang='lat' dir='ltr'>deficit,</span> 
     </span>
     <span class='ocr_line' id='line_1_9' title="bbox 72 2911 1135 3011; baseline 0.005 -29"><span class='ocrx_word' id='word_1_56' title='bbox 72 2930 97 2977; x_wconf 80' lang='lat' dir='ltr'>a.</span> <span class='ocrx_word' id='word_1_57' title='bbox 126 2914 207 2988; x_wconf 84' lang='grc'>1863</span> <span class='ocrx_word' id='word_1_58' title='bbox 248 2914 286 2987; x_wconf 93' lang='lat' dir='ltr'>in</span> <span class='ocrx_word' id='word_1_59' title='bbox 331 2911 372 2987; x_wconf 91' lang='lat' dir='ltr'>L.</span> <span class='ocrx_word' id='word_1_60' title='bbox 415 2911 608 3009; x_wconf 84' lang='lat' dir='ltr'>Sehopeni</span> <span class='ocrx_word' id='word_1_61' title='bbox 648 2914 908 3011; x_wconf 87' lang='lat' dir='ltr'>praeceptoris</span> <span class='ocrx_word' id='word_1_62' title='bbox 950 2915 1135 2989; x_wconf 82' lang='lat' dir='ltr'>carissimi</span> 
     </span>
     <span class='ocr_line' id='line_1_10' title="bbox 72 3029 1135 3127; baseline 0.009 -35"><span class='ocrx_word' id='word_1_63' title='bbox 72 3045 152 3100; x_wconf 88' lang='lat' dir='ltr'>usum</span> <span class='ocrx_word' id='word_1_64' title='bbox 173 3029 325 3104; x_wconf 87' lang='lat' dir='ltr'>contuli.</span> <span class='ocrx_word' id='word_1_65' title='bbox 353 3030 588 3104; x_wconf 91' lang='lat' dir='ltr'>iamdudum</span> <span class='ocrx_word' id='word_1_66' title='bbox 609 3032 710 3104; x_wconf 88' lang='lat' dir='ltr'>enim</span> <span class='ocrx_word' id='word_1_67' title='bbox 727 3032 767 3104; x_wconf 88' lang='lat' dir='ltr'>in</span> <span class='ocrx_word' id='word_1_68' title='bbox 781 3031 878 3104; x_wconf 88' lang='lat' dir='ltr'>votis</span> <span class='ocrx_word' id='word_1_69' title='bbox 894 3031 966 3104; x_wconf 91' lang='lat' dir='ltr'>viri</span> <span class='ocrx_word' id='word_1_70' title='bbox 989 3030 1135 3127; x_wconf 84' lang='lat' dir='ltr'>egregii</span> 
     </span>
     <span class='ocr_line' id='line_1_11' title="bbox 72 3136 1132 3239; baseline 0.006 -26"><span class='ocrx_word' id='word_1_71' title='bbox 72 3136 1132 3239; x_wconf 83' lang='lat' dir='ltr'>fueratcodicisFlorentiniaccuratamnanciscinotitiam,</span> 
     </span>
     <span class='ocr_line' id='line_1_12' title="bbox 71 3262 1133 3360; baseline 0.007 -32"><span class='ocrx_word' id='word_1_72' title='bbox 71 3275 128 3347; x_wconf 86' lang='lat' dir='ltr'>quo</span> <span class='ocrx_word' id='word_1_73' title='bbox 142 3288 293 3358; x_wconf 86' lang='lat' dir='ltr'>operam</span> <span class='ocrx_word' id='word_1_74' title='bbox 315 3263 532 3337; x_wconf 88' lang='lat' dir='ltr'>incohatam</span> <span class='ocrx_word' id='word_1_75' title='bbox 552 3263 762 3359; x_wconf 88' lang='lat' dir='ltr'>perficeret.</span> <span class='ocrx_word' id='word_1_76' title='bbox 797 3288 936 3360; x_wconf 89' lang='lat' dir='ltr'>nempe</span> <span class='ocrx_word' id='word_1_77' title='bbox 954 3264 1050 3336; x_wconf 90' lang='lat' dir='ltr'>bene</span> <span class='ocrx_word' id='word_1_78' title='bbox 1077 3262 1133 3335; x_wconf 93' lang='lat' dir='ltr'>in·</span> 
     </span>
     <span class='ocr_line' id='line_1_13' title="bbox 71 3370 1134 3477; baseline 0.008 -36"><span class='ocrx_word' id='word_1_79' title='bbox 71 3370 248 3472; x_wconf 82' lang='lat' dir='ltr'>tellexerat,</span> <span class='ocrx_word' id='word_1_80' title='bbox 272 3379 312 3452; x_wconf 94' lang='lat' dir='ltr'>id</span> <span class='ocrx_word' id='word_1_81' title='bbox 334 3406 450 3453; x_wconf 77' lang='lat' dir='ltr'>tinum</span> <span class='ocrx_word' id='word_1_82' title='bbox 475 3380 595 3477; x_wconf 84' lang='lat' dir='ltr'>priori</span> <span class='ocrx_word' id='word_1_83' title='bbox 616 3380 817 3474; x_wconf 82' lang='lat' dir='ltr'>volumini,</span> <span class='ocrx_word' id='word_1_84' title='bbox 839 3379 942 3477; x_wconf 90' lang='lat' dir='ltr'>quod</span> <span class='ocrx_word' id='word_1_85' title='bbox 970 3378 1134 3451; x_wconf 88' lang='lat' dir='ltr'>admira-</span> 
     </span>
     <span class='ocr_line' id='line_1_14' title="bbox 70 3483 1135 3596; baseline 0.012 -41"><span class='ocrx_word' id='word_1_86' title='bbox 70 3483 119 3562; x_wconf 86' lang='lat' dir='ltr'>bili</span> <span class='ocrx_word' id='word_1_87' title='bbox 140 3494 280 3591; x_wconf 85' lang='lat' dir='ltr'>ingenii</span> <span class='ocrx_word' id='word_1_88' title='bbox 305 3497 480 3569; x_wconf 84' lang='lat' dir='ltr'>acumine</span> <span class='ocrx_word' id='word_1_89' title='bbox 505 3496 737 3596; x_wconf 89' lang='lat' dir='ltr'>perpolitum</span> <span class='ocrx_word' id='word_1_90' title='bbox 766 3510 853 3570; x_wconf 87' lang='lat' dir='ltr'>ante</span> <span class='ocrx_word' id='word_1_91' title='bbox 879 3496 948 3568; x_wconf 89' lang='lat' dir='ltr'>bos</span> <span class='ocrx_word' id='word_1_92' title='bbox 973 3495 1135 3592; x_wconf 88' lang='lat' dir='ltr'>quadra·</span> 
     </span>
     <span class='ocr_line' id='line_1_15' title="bbox 70 3603 1131 3708; baseline 0.005 -29"><span class='ocrx_word' id='word_1_93' title='bbox 70 3603 150 3693; x_wconf 72' lang='lat' dir='ltr'>ginta</span> <span class='ocrx_word' id='word_1_94' title='bbox 160 3637 280 3684; x_wconf 88' lang='lat' dir='ltr'>annos</span> <span class='ocrx_word' id='word_1_95' title='bbox 293 3611 477 3706; x_wconf 85' lang='lat' dir='ltr'>ediderat,</span> <span class='ocrx_word' id='word_1_96' title='bbox 492 3638 568 3685; x_wconf 92' lang='lat' dir='ltr'>non</span> <span class='ocrx_word' id='word_1_97' title='bbox 586 3614 667 3687; x_wconf 87' lang='lat' dir='ltr'>sine</span> <span class='ocrx_word' id='word_1_98' title='bbox 680 3638 822 3708; x_wconf 84' lang='lat' dir='ltr'>magno</span> <span class='ocrx_word' id='word_1_99' title='bbox 837 3612 892 3687; x_wconf 90' lang='lat' dir='ltr'>rei</span> <span class='ocrx_word' id='word_1_100' title='bbox 903 3611 1131 3685; x_wconf 88' lang='lat' dir='ltr'>detrimento</span> 
     </span>
     <span class='ocr_line' id='line_1_16' title="bbox 69 3714 1132 3825; baseline 0.008 -34"><span class='ocrx_word' id='word_1_101' title='bbox 69 3714 221 3800; x_wconf 82' lang='lat' dir='ltr'>defuisse.</span> <span class='ocrx_word' id='word_1_102' title='bbox 262 3716 419 3825; x_wconf 77' lang='lat' dir='ltr'>accepta</span> <span class='ocrx_word' id='word_1_103' title='bbox 448 3728 602 3803; x_wconf 88' lang='lat' dir='ltr'>tandem</span> <span class='ocrx_word' id='word_1_104' title='bbox 637 3755 722 3802; x_wconf 89' lang='lat' dir='ltr'>mea</span> <span class='ocrx_word' id='word_1_105' title='bbox 756 3728 981 3822; x_wconf 85' lang='lat' dir='ltr'>conlatione,</span> <span class='ocrx_word' id='word_1_106' title='bbox 1018 3753 1132 3824; x_wconf 89' lang='lat' dir='ltr'>quam</span> 
     </span>
    </p>
   </div>
   <div class='ocr_carea' id='block_1_3' title="bbox 62 3833 1135 4269">
    <p class='ocr_par' dir='ltr' id='par_1_3' title="bbox 62 3833 1135 4269">
     <span class='ocr_line' id='line_1_17' title="bbox 66 3833 1133 3941; baseline 0.013 -38"><span class='ocrx_word' id='word_1_107' title='bbox 66 3833 143 3913; x_wconf 86' lang='lat' dir='ltr'>ultro</span> <span class='ocrx_word' id='word_1_108' title='bbox 167 3843 241 3937; x_wconf 92' lang='lat' dir='ltr'>ipsi</span> <span class='ocrx_word' id='word_1_109' title='bbox 261 3842 485 3937; x_wconf 83' lang='lat' dir='ltr'>obtuleram,</span> <span class='ocrx_word' id='word_1_110' title='bbox 512 3843 561 3917; x_wconf 90' lang='lat' dir='ltr'>ad</span> <span class='ocrx_word' id='word_1_111' title='bbox 582 3871 677 3941; x_wconf 91' lang='lat' dir='ltr'>opus</span> <span class='ocrx_word' id='word_1_112' title='bbox 704 3844 767 3919; x_wconf 94' lang='lat' dir='ltr'>diu</span> <span class='ocrx_word' id='word_1_113' title='bbox 792 3845 1050 3919; x_wconf 85' lang='lat' dir='ltr'>intermissum</span> <span class='ocrx_word' id='word_1_114' title='bbox 1075 3870 1133 3917; x_wconf 91' lang='lat' dir='ltr'>re-</span> 
     </span>
     <span class='ocr_line' id='line_1_18' title="bbox 64 3960 1133 4059; baseline 0.006 -33"><span class='ocrx_word' id='word_1_115' title='bbox 64 3976 172 4033; x_wconf 82' lang='lat' dir='ltr'>versus</span> <span class='ocrx_word' id='word_1_116' title='bbox 204 3960 314 4033; x_wconf 87' lang='lat' dir='ltr'>brevi</span> <span class='ocrx_word' id='word_1_117' title='bbox 349 3973 436 4035; x_wconf 88' lang='lat' dir='ltr'>ante</span> <span class='ocrx_word' id='word_1_118' title='bbox 469 3974 630 4035; x_wconf 88' lang='lat' dir='ltr'>mortem</span> <span class='ocrx_word' id='word_1_119' title='bbox 666 3964 877 4059; x_wconf 85' lang='lat' dir='ltr'>scripturae</span> <span class='ocrx_word' id='word_1_120' title='bbox 913 3961 1133 4054; x_wconf 88' lang='lat' dir='ltr'>discrepan-</span> 
     </span>
     <span class='ocr_line' id='line_1_19' title="bbox 62 4069 1134 4176; baseline 0.005 -33"><span class='ocrx_word' id='word_1_121' title='bbox 62 4069 134 4147; x_wconf 79' lang='lat' dir='ltr'>tiam</span> <span class='ocrx_word' id='word_1_122' title='bbox 158 4102 180 4149; x_wconf 87' lang='lat' dir='ltr'>a</span> <span class='ocrx_word' id='word_1_123' title='bbox 207 4102 269 4150; x_wconf 91' lang='lat' dir='ltr'>me</span> <span class='ocrx_word' id='word_1_124' title='bbox 295 4076 513 4151; x_wconf 84' lang='lat' dir='ltr'>adnotatam</span> <span class='ocrx_word' id='word_1_125' title='bbox 545 4079 584 4151; x_wconf 92' lang='lat' dir='ltr'>in</span> <span class='ocrx_word' id='word_1_126' title='bbox 619 4078 836 4176; x_wconf 84' lang='lat' dir='ltr'>exemplum</span> <span class='ocrx_word' id='word_1_127' title='bbox 872 4104 980 4152; x_wconf 88' lang='lat' dir='ltr'>suum</span> <span class='ocrx_word' id='word_1_128' title='bbox 1015 4089 1134 4149; x_wconf 88' lang='lat' dir='ltr'>trans-</span> 
     </span>
     <span class='ocr_line' id='line_1_20' title="bbox 62 4186 1135 4269; baseline 0.008 -14"><span class='ocrx_word' id='word_1_129' title='bbox 62 4186 144 4261; x_wconf 87' lang='lat' dir='ltr'>tulit:</span> <span class='ocrx_word' id='word_1_130' title='bbox 170 4191 233 4265; x_wconf 85' lang='lat' dir='ltr'>hic</span> <span class='ocrx_word' id='word_1_131' title='bbox 261 4193 466 4269; x_wconf 86' lang='lat' dir='ltr'>subsistere</span> <span class='ocrx_word' id='word_1_132' title='bbox 494 4193 571 4267; x_wconf 88' lang='lat' dir='ltr'>fato</span> <span class='ocrx_word' id='word_1_133' title='bbox 589 4196 727 4269; x_wconf 88' lang='lat' dir='ltr'>acerbo</span> <span class='ocrx_word' id='word_1_134' title='bbox 755 4208 905 4269; x_wconf 88' lang='lat' dir='ltr'>coactus</span> <span class='ocrx_word' id='word_1_135' title='bbox 933 4209 1000 4268; x_wconf 87' lang='lat' dir='ltr'>est.</span> <span class='ocrx_word' id='word_1_136' title='bbox 1040 4192 1135 4265; x_wconf 92' lang='lat' dir='ltr'>mihi</span> 
     </span>
    </p>
   </div>
   <div class='ocr_carea' id='block_1_4' title="bbox 0 0 1340 4866">
    <p class='ocr_par' dir='ltr' id='par_1_4' title="bbox 0 0 1340 4866">
     <span class='ocr_line' id='line_1_21' title="bbox 0 0 1340 4866; baseline 0 5"><span class='ocrx_word' id='word_1_137' title='bbox 0 0 1340 4866; x_wconf 95' lang='lat' dir='ltr'> </span> 
     </span>
    </p>
   </div>
  </div>
 </body>
</html>
