2670 4866
148 408 273 459 ANNAE
295 408 404 458 COMN.
426 406 621 457 ALEXIADIS
644 407 713 457 LIB.
735 408 810 458 XIII.
837 400 860 458 l.
997 397 1055 459 177

87 572 175 642 δόκει
198 575 373 654 διατεθείς,
397 574 465 640 ἀλλ’
492 575 583 655 ἐντδς
603 575 710 642 πολλοὶ
736 577 815 660 περὶ
842 572 961 643 τούτου
986 576 1058 644 έκυ-

87 673 173 741 ιτδν
206 671 370 760 λογισμόν.
421 676 474 741 καὶ
505 672 545 765 δή
565 677 635 742 δεῖν
668 674 835 762 ἐλογίσατο
869 662 969 754 αὖθις
997 679 1056 743 τοῦ

88 776 138 841 ίου
159 774 404 860 ἐξεληλυθέναι·
429 775 511 860 μηδὲ
532 772 573 841 τὰ
594 775 662 840 κατ’
696 767 789 841 οἶκον
822 776 922 841 αὐτοῦ
954 777 1060 856 καλῶς
1069 789 1097 842 Ρ.
1117 790 1170 845 376

87 868 164 941 τ’τιὶν
190 873 307 957 ἔχοντα
328 870 427 941 πάλιν
448 872 603 961 διαγνούς,
625 871 716 958 ὅμως
736 873 777 941 τὰ
798 872 940 942 κατὰτὰ
962 868 1060 942 ἄνᾶκ·

87 977 115 1040 αἱ
135 974 194 1062 τήν
215 976 367 1057 βασιλίδα
391 979 458 1041 των
487 972 618 1041 πόλεων
640 962 677 1041 εὖ
704 976 902 1060 διαθέμενος
922 977 977 1042 καὶ
997 971 1060 1066 φύ-

87 1073 256 1162 ἒπιστήσας
276 1072 335 1141 τόν
356 1101 390 1141 τε
416 1075 515 1160 μέγαν
538 1071 752 1160 δρουγγάριον
772 1078 831 1141 τοῦ
863 1072 983 1143 στόλου
1004 1077 1059 1142 καὶ

87 1202 112 1240 ιν
143 1170 332 1242 Εὖστάθιον
364 1172 421 1240 τὸν
456 1177 680 1258 Κυμινειανόν
703 1176 758 1241 καὶ
779 1172 970 1264 Νικηφόρον
1001 1172 1058 1242 τὸν

89 1278 184 1341 κανοῦ
209 1271 416 1358 καλούμενον,
442 1271 548 1353 οὕτως
579 1274 702 1353 ἐκεῖνος
725 1272 824 1357 ἔξεισι
853 1280 913 1343 τοῦ
935 1276 1058 1359 Βυζαν-
1116 1291 1118 1295 ’

87 1381 122 1441 ω’
143 1370 261 1461 δλίγων
283 1378 335 1441 καὶ
368 1379 435 1440 τῶν
466 1376 544 1440 καθ’
578 1367 661 1457 αἷμα
678 1371 795 1463 ,τούτῳ
821 1371 1057 1462 προσηκόντων

87 1503 96 1536 ν
114 1467 253 1561 δ’γοντος
268 1474 369 1562 μηνὸς
385 1478 572 1561 Νοεμβρίου
588 1475 810 1566 διανεμήσεως
824 1474 958 1566 πρώτης
972 1476 1055 1544 κατὰ

109 1585 123 1642 1
130 1574 262 1662 ἐράνιον
284 1575 341 1664 τήν
362 1579 578 1666 έρυθροβαφή
600 1579 654 1645 καὶ
673 1577 845 1667 βασιλικήν
865 1575 1057 1663 καταλαβών

87 1730 88 1741 ,
130 1678 248 1743 ἐδεδίει
281 1678 325 1755 δέ,
360 1674 410 1743 ὅτι
445 1678 643 1766 έξερχομένῳ
671 1677 710 1746 τδ
732 1676 880 1766 σύνηθες
900 1674 1055 1765 θαῦμαή

87 1801 142 1860 τωρ
166 1776 201 1841 έν
221 1776 416 1860 Βλαχέρναις
445 1769 503 1842 οὐκ
532 1777 731 1860 ἐπεδείξατο.
785 1776 839 1845 διὰ
867 1783 966 1845 τοῦτο
1000 1777 1087 1846 έπὶΒ

87 1900 129 1942 τιν
161 1869 262 1942 circi
293 1901 359 1942 που
390 1874 590 1961 δμβραδύνας
623 1875 756 1968 ἡμέραις
788 1875 880 1965 ήλίου
903 1874 1057 1958 δύνοντος

87 1980 118 2065 τή
137 1976 296 2063 δεσποίνῃ
323 1977 548 2061 παλίντροπον
575 1974 636 2064 τήν
668 1978 807 2062 πορείαν
835 1974 1057 2064 ποιησάμενος

87 2074 159 2154 νείς
180 2072 218 2141 τό
240 2070 329 2159 ίερδν
357 2080 414 2162 τής
444 2073 654 2166 Θεομήτορος
681 2079 815 2162 τέμενος
843 2078 914 2162 μετ’
940 2069 1057 2163 ὀλίγων

87 2201 149 2255 τως
171 2176 224 2241 καὶ
245 2173 306 2261 τήν
326 2173 453 2265 συνήθη
475 2177 608 2256 τελέσας
626 2177 789 2265 ὑμνῳδίαν
807 2179 861 2245 καὶ
876 2178 1057 2245 έκτενεστέ-

87 2302 99 2355 ς
125 2273 254 2363 δεήσεις
286 2273 515 2362 ποιησάμενος,
546 2281 719 2364 τηνικαῦτα
749 2280 965 2360 τελεσθέντος
996 2281 1055 2346 τοῦ

88 2402 122 2455 νς
144 2372 325 2460 θαύματος,
355 2373 461 2457 οἵτως
488 2376 572 2462 μετὰ
602 2381 751 2465 χρηστῶν
784 2377 903 2459 ἔξεισιν
925 2380 1056 2445 ἐκεῖθεν

87 2479 197 2545 σίδων.
253 2480 292 2566 τῇ
323 2478 358 2543 δὲ
388 2479 457 2561 μετ’
491 2471 591 2565 αὐτήν
623 2482 681 2568 τῆς
710 2477 797 2564 πρὸς
817 2479 1057 2567 Θεσσαλονίκην

103 2580 295 2659 καταλσβων
312 2579 348 2642 δε
369 2602 446 2655 τους
469 2575 720 2663 Χοιροβάκχους
743 2579 888 2665 ἔπαρχον
910 2575 1055 2667 Ἰωάννην

87 2680 227 2764 ’ρωνίτην
256 2672 472 2762 προύβάλετο.
524 2673 603 2765 ἀνήρ
635 2682 671 2746 δέ
693 2667 789 2759 οὗτος
820 2685 886 2747 τῶν
906 2672 1053 2766 εὐγενῶν,

87 2804 119 2844 εν
154 2776 241 2863 πρδς
270 2772 369 2844 cccci
401 2780 633 2866 προσληφθεὶς
662 2782 715 2846 καὶ
741 2777 1085 2866 ὖπογραμματεύσαςῦ

87 2911 92 2956 t
108 2926 147 2976 sq.
166 2905 196 2959 τὸ
217 2903 334 2971 σύνηθες
353 2908 448 2977 θαῦμα
467 2905 483 2971 ή
503 2903 648 2977 θεομήτωρ
669 2910 699 2961 ἐν
719 2911 881 2978 βλαχέρναις
898 2908 930 2972 F,
953 2906 969 2973 ή
988 2912 1056 2961 Θεο-

87 2974 148 3045 ήτωρ
167 2980 198 3031 ἐν
218 2981 390 3047 Βλαχέρναις
405 2976 436 3030 τὸ
457 2973 574 3041 σύνηθες
592 2980 688 3050 θαῦμα
706 2979 736 3032 P.
819 2981 860 3033 14.
879 2973 1008 3038 δύνοντος
1027 2978 1055 3032 C.

87 3053 98 3102 '.
120 3051 310 3116 λκιενεστέρας
329 3049 381 3112 FC,
400 3050 603 3119 ἐκτενεεστέρας
620 3049 650 3103 Ρ.
771 3052 812 3102 19.
832 3052 930 3109 ἔξεισιν
948 3051 1057 3104 ἐκεῖθεν

87 3163 88 3174 ,
107 3122 217 3173 ἐκεῖθεν
237 3122 316 3178 ἔξεισι
336 3120 363 3172 P.
473 3123 515 3174 22.
534 3116 703 3189 προύβάλετο
723 3121 755 3187 F,
773 3115 958 3190 προύβάλλετο
977 3121 1007 3175 Ρ.

94 3243 191 3279 curare
209 3225 359 3293 videretur,
384 3228 516 3296 gravibus
534 3231 626 3279 tamen
649 3227 735 3279 snimi
760 3224 994 3279 sollicitudinibus
1018 3224 1056 3278 af·

87 3304 143 3350 erat.
182 3315 214 3350 ac
242 3299 362 3365 primum
390 3300 513 3351 omnium
538 3297 672 3366 Byzantio
701 3315 758 3350 esse
783 3296 874 3350 denuo
900 3296 1056 3349 abeundum

87 3386 227 3435 remquam
247 3370 360 3421 minime
378 3369 430 3421 sibi
441 3369 532 3422 favere
547 3367 696 3421 domestica
710 3368 799 3422 denuo
815 3367 952 3436 cognovit,
964 3371 1056 3424 tamen

87 3440 114 3492 'is
148 3440 244 3508 palatii
273 3440 439 3508 urbanisque
473 3440 555 3493 rebus
584 3455 617 3491 ac
649 3456 747 3508 magno
776 3439 868 3492 classis
894 3438 1056 3506 drungari0‚

88 3510 289 3579 oCymineano
309 3512 442 3576 eunucho,
472 3517 500 3563 et
525 3509 691 3577 Nicephoro,
720 3527 800 3578 quem
824 3509 925 3563 Decani
950 3508 1057 3575 dicunt,

87 3600 116 3634 us
136 3583 280 3650 impositis,
299 3582 422 3635 discessit
432 3582 565 3650 Byzantio
585 3582 679 3648 paucis
697 3587 806 3634 tantum
825 3582 914 3648 iisque
930 3579 1057 3650 cognatis

87 3653 153 3705 ibus
180 3660 207 3705 st
227 3653 345 3705 calendis
364 3653 431 3721 ipsis
448 3652 651 3706 Novembribus
670 3651 821 3705 indictione
839 3653 930 3720 prims
948 3652 982 3703 nd
1005 3649 1055 3703 Ge·

94 3731 173 3777 extra
202 3725 297 3776 urbem
327 3740 498 3791 purpureum
531 3722 631 3776 statuit
658 3724 820 3793 regiumque
838 3721 1054 3776 tabernaculum

87 3814 104 3847 n
132 3796 298 3863 perterritus
317 3800 384 3861 erat,
409 3794 483 3863 quod
503 3794 615 3847 exeunti
636 3799 799 3848 consuetum
818 3793 979 3847 miraculum
998 3792 1055 3845 dei·

111 3865 270 3919 Blachernis
296 3882 352 3919 non
370 3865 535 3919 ostenderat.
572 3866 751 3932 quamobrem
776 3865 834 3918 dias
852 3865 909 3918 illic
932 3868 1056 3917 moratus

96 3938 160 3991 solis
180 3954 276 3990 occasu
294 3937 395 3991 itinere
419 3954 483 3990 cnm
510 3936 621 3989 domina
647 3937 767 4004 repetito
795 3952 901 3989 sacrum
927 3934 1057 4003 deiparae

87 4028 92 4060 ι
119 4008 318 4062 comitantibus
348 4009 442 4074 paucis
468 4009 537 4061 clam
566 4007 659 4060 subiit.
715 4008 754 4061 ibi
784 4006 921 4060 consuetis
948 4005 1057 4075 hymnis

87 4081 159 4133 actis
187 4081 375 4146 attentiusque
399 4078 480 4132 factis
509 4079 715 4146 precationibus
734 4078 855 4146 contigit
873 4076 985 4130 solitum
1008 4078 1056 4128 mi·

110 4157 138 4204 et
165 4151 267 4204 eximia
294 4167 341 4219 spe
371 4150 458 4202 elatus
488 4150 559 4202 abiit
586 4167 617 4204 ac
640 4155 751 4216 postero
770 4149 816 4201 die
838 4147 1056 4201 Thessalonicam

90 4221 313 4274 Choerobacchos
345 4221 486 4289 profectus
517 4221 581 4274 huic
608 4220 710 4288 oppido
738 4220 867 4273 loannem
896 4216 1056 4272 'IoronItam

87 4293 126 4358 rit,
153 4294 244 4346 sirum
274 4292 361 4346 nobiii
390 4291 449 4346 loco
478 4297 582 4353 natum,
612 4308 628 4344 a
655 4307 742 4359 puero
767 4291 795 4342 in
814 4291 901 4358 ipsius
924 4289 1057 4343 familiam

87 4415 107 4452 u
122 4397 268 4452 Comassa.
306 4398 347 4450 II.
852 4395 884 4446 12
