2670 4866
433 401 870 469 ALRXIADISLIB.x111.9.
1137 398 1195 463 221
1280 448 1283 453 .

144 576 337 649 ἐπανελθόντα.
359 584 436 667 περὶ
453 587 534 668 γοῦν
546 587 613 649 τῶν
628 582 880 668 προλεχθέντων
892 570 992 660 αὖθις
1005 583 1200 649 διασκεπτο-

141 683 224 761 μέιων,
245 685 314 750 ἐπεὶ
337 681 355 748 ό
372 689 578 769 Βαίμοῦντος
592 686 748 762 ε’νίστατο,
768 680 870 769 κόμης
884 710 934 763 τις
946 688 1013 750 τῶν
1027 685 1098 748 λιάν
1114 679 1199 768 ὕψι,-

140 780 186 844 λώι
203 772 299 866 Οόβος
319 782 378 870 τήν
401 786 513 873 κλῆσιν
542 781 627 867 πρός
647 781 706 849 τόν
724 786 932 866 Βαίμοῦντον
955 781 1019 872 έφή
1041 779 1088 861 ιός
1119 775 1200 847 “od-

138 880 186 960 όιὶς
200 876 249 970 ἅφ*
272 879 362 972 ήμῶν
382 889 448 949 τιῦν
470 883 657 968 μελλόντων
677 885 760 968 μετὰ
785 887 844 948 τοῦ
871 883 1031 965 βασιλέως
1055 879 1200 964 συνάψαι

121 981 179 1048 tede
196 981 331 1067 πόλεμον
353 976 449 1050 οίίπω
474 983 594 1070 ἔπληξέ
615 1009 686 1049 τινα
709 983 763 1050 δια
787 980 934 1067 δόρατος.
970 981 1008 1048 ἔα
1028 983 1138 1048 τοίνυν
1158 980 1230 1049 τάΒ

137 1080 229 1149 σολλιί·
248 1083 305 1170 τήν
325 1082 455 1173 εἰρήνην
474 1090 532 1175 τής
553 1083 657 1172 μάχής
679 1078 882 1167 ἀλλάξασθαι
897 1080 987 1169 χρή.”
1023 1085 1128 1170 λόγων
1142 1072 1200 1148 σόν

136 1185 237 1251 noodr
257 1186 293 1268 ἐξ
311 1183 474 1270 ἑκατέρων
496 1186 704 1272 κινήθέντων,
720 1180 878 1267 βαρέωςὸ
895 1187 1099 1266 Βαϊμοῦντος
1114 1177 1200 1266 εἶχεν

137 1277 334 1367 όβριοπαθιόν,
359 1285 388 1353 εί
407 1284 452 1376 μή
468 1282 578 1352 πάντα
599 1287 741 1371 γένοιντο
765 1281 874 1350 ὁπόσα
895 1280 1031 1370 φθάσας
1052 1279 1200 1370 ἐπεζήτει

136 1383 190 1462 τοῖς
204 1388 362 1471 πρέσβεις.
405 1391 471 1453 τῶν
499 1388 526 1452 δ’
551 1383 610 1451 ἐπί
630 1409 697 1452 τισι
717 1374 1049 1470 σόγκατατιθεμένων,
1081 1383 1132 1472 ἐφ’
1156 1370 1202 1448 τόν

108 1482 161 1549 lodo*
182 1479 398 1565 ίνανεεόντων,
430 1488 586 1553 πείθεται
609 1482 628 1553 ό
651 1489 856 1570 Βαίμοῦντος
885 1487 939 1550 καὶ
970 1481 1027 1574 τήν
1053 1476 1199 1570 ἀνάγκην,

136 1577 150 1645 ὅ
159 1608 230 1671 φασι,
245 1588 434 1674 φιλοτιμίαν
455 1583 677 1673 ποιησάμενος
692 1582 790 1669 όρκον
812 1584 849 1667 έξ
860 1577 968 1651 αὐτῶν
985 1580 1098 1674 ἐζήτει,
1116 1579 1200 1649 ὥστε

136 1679 241 1765 ίντίμως
270 1682 496 1773 ὑποδεχθήναι
528 1687 580 1751 καὶ
612 1684 642 1751 εί
674 1682 718 1771 μή
751 1691 823 1763 τοῖς
846 1682 1029 1772 θελήμασιν
1058 1675 1158 1749 αότοῦ
1182 1679 1200 1748 ό

135 1773 312 1870 αίτοκρότωρ
336 1779 550 1864 σίνανείιοειεν,
573 1778 686 1873 ἆσινής
700 1783 785 1871 πρός
798 1783 856 1875 τήν
870 1783 954 1852 ἰδίαν
969 1785 1199 1872 ἐκπεμφθῆναι

136 1882 322 1972 παρεμβολήν.
369 1890 436 1952 τῶν
453 1874 511 1951 οὖν
529 1883 629 1971 ἁγίων
650 1879 842 1972 είαγγελίων
863 1885 1097 1969 προτεθέντων
1118 1880 1200 1970 ὁμή-

106 1990 191 2061 Ιδψτς
207 1983 304 2073 ἐζήτει
326 1988 557 2075 παραδοθῆναι
579 1991 627 2073 τῷ
656 1979 790 2073 ἀδελφῷ
818 1980 919 2053 αίτοό
941 1986 1027 2071 λίδῳ
1054 1985 1107 2049 καὶ
1137 1994 1230 2071 φιτ-0

135 2075 278 2153 λα’ττιοθαι
303 2089 381 2170 παρ’
406 2080 506 2152 αίτοῦ
530 2087 641 2171 μέχρις
667 2073 705 2153 οὗ
727 2079 826 2166 αότός
849 2083 1053 2173 όποστρέψή.
1104 2079 1134 2149 ολ
1163 2083 1200 2149 δέ

135 2182 256 2265 πρέσβεις
276 2184 363 2272 πρός
384 2191 482 2252 τοῦτο
505 2182 757 2265 καταντήσαντες
778 2184 896 2270 όρκοϊς
909 2174 1013 2264 αὖθις
1035 2181 1119 2270 ὑπὲρ
1140 2188 1200 2272 τῆς

136 2280 182 2343 τῶν
198 2282 321 2376 όμήριον
344 2280 523 2375 ἀσφαλείας
542 2287 595 2352 καί
616 2279 710 2353 αότοὶ
729 2278 977 2372 όντεπεζήτονν.
1013 2310 1200 2351 κατανενεσ-

135 2374 182 2456 u'g
199 2387 228 2450 de*
247 2387 333 2471 πρός
353 2391 453 2453 τοῦτο
476 2387 494 2454 ό
521 2391 721 2471 Βαὶμοῦντος
741 2389 795 2453 καὶ
817 2384 935 2472 όρκοες
961 2383 1038 2463 dode
1068 2387 1122 2451 καί
1142 2387 1199 2450 λα-

103 2476 184 2555 ’)λίίν
199 2487 267 2566 τοός
290 2489 351 2571 μέν
374 2484 526 2573 ὁμήρους,
548 2486 607 2555 τόν
634 2513 670 2554 τε
692 2487 857 2571 Σεβαστόν
883 2493 1031 2571 Μαρῖνον
1060 2487 1113 2553 καί
1142 2483 1200 2552 τόν

135 2580 299 2668 uoltum
321 2581 539 2672 Ἀδρίιλεστον
560 2591 614 2655 καὶ
635 2586 692 2655 τὸν
713 2585 860 2674 Φράγγον
880 2586 1036 2675 Ῥομέρήν,
1059 2587 1199 2671 παραδί-

206 2815 226 2865 6.
242 2811 430 2872 ἀναλέξασθαι
450 2814 477 2868 C.
596 2816 621 2868 9.
640 2816 671 2868 δέ
691 2815 720 2869 F.
836 2816 876 2868 lo.
896 2812 1060 2883 ὑποστρέψῃ
1080 2813 1113 2879 F,
1133 2812 1198 2866 ὑπο-

206 2889 313 2954 στρέψαι
333 2885 363 2940 Ρ.
474 2888 513 2939 17.
534 2883 604 2954 πρὸς
623 2887 655 2955 F,
674 2890 711 2945 alc
729 2885 759 2940 P.
830 2878 910 2945 αὖθις
927 2884 959 2955 F,
979 2882 1014 2940 ἂν
1032 2886 1061 2939 P.
1127 2883 1198 2952 ὑπὲρ

205 2955 245 3018 τῆς
265 2957 321 3010 τῶν
348 2952 462 3026 ὁμήρων
484 2953 636 3027 ἀσφαλείας
658 2962 703 3010 καὶ
728 2954 803 3010 αὐτοὶ
824 2958 855 3019 F,
884 2962 928 3009 καὶ
954 2955 1030 3012 αὐτοὶ
1056 2954 1125 3024 ὑπὲρ
1154 2956 1199 3020 τής

205 3027 252 3079 τῶν
268 3023 382 3098 ὁμήρων
400 3025 552 3098 ἀσφαλείας
570 3028 599 3081 Ρ.
743 3031 785 3081 21.
805 3023 939 3098 Φρόγγον
955 3027 1082 3100 ’Βιγέρην
1099 3044 1153 3080 om.
1174 3027 1197 3079 F

204 3099 288 3165 spatio
307 3102 371 3151 octo
389 3097 544 3152 litterarum
564 3100 670 3154 relicto.
743 3101 870 3170 ῥογέριον
887 3101 922 3153 Α.

133 3298 164 3351 ⁰¹1
176 3301 372 3391 disceptatione,
389 3328 452 3365 cuni
472 3312 649 3368 Bocmundus
670 3316 796 3380 instaret,
813 3332 904 3369 comes
923 3314 1035 3382 quidam
1053 3331 1087 3368 ex
1106 3329 1198 3382 praea-

133 3370 271 3448 untionis,
291 3383 336 3436 cui
356 3382 433 3437 Ubus
455 3401 553 3437 nomen
572 3385 634 3453 fuit,
653 3387 692 3439 sic
706 3386 896 3439 Bo'e'mundum
915 3386 1081 3454 alloquitur:
1100 3387 1197 3437 “nemo

134 3438 199 3499 ⁸¹1hoo
217 3458 347 3522 nostrum,
366 3455 414 3523 qui
427 3454 481 3508 huc
494 3473 556 3508 cum
569 3458 736 3525 imperatore
748 3457 911 3526 proeliatur-i
925 3474 1094 3522 veneramus,
1104 3473 1197 3523 quem·
1227 3500 1238 3513 .

134 3524 192 3576 ‘luto
204 3520 275 3576 hasta
287 3527 430 3593 percussit.
449 3529 547 3580 omitte
561 3529 614 3580 iota
628 3534 672 3582 tot
684 3529 782 3596 vcrba;
800 3547 852 3595 pax
868 3529 973 3597 proelio
988 3527 1121 3581 mutanda
1130 3527 1198 3579 est.”

134 3582 177 3637 bn
190 3593 265 3647 molta
283 3600 325 3648 eat
343 3613 498 3649 sermonum
518 3598 661 3653 altercatio
691 3604 785 3653 exorta
806 3617 888 3669 aegre
910 3600 1016 3653 ferente
1035 3597 1195 3652 Bo'e'ruundo

135 3655 155 3704 tl
166 3666 329 3720 contumeliae
347 3666 407 3721 loco
426 3668 550 3735 ducente,
569 3670 592 3722 si
612 3687 666 3723 non
684 3671 785 3738 omnia,
816 3688 886 3739 quoe
904 3673 1024 3740 petierat
1054 3669 1197 3736 elegatis,

165 3800 172 3811 .
196 3736 212 3785 t·
244 3738 344 3806 quibus
374 3739 508 3807 quaedam
535 3741 759 3807 comedentibus,
778 3741 885 3809 reliqua
902 3759 967 3795 vero
996 3739 1197 3810 denegantibus

134 3788 274 3872 &muudus
293 3810 463 3877 necessitate,
482 3814 514 3864 ut
531 3811 588 3865 dici
608 3812 686 3879 solet,
703 3813 732 3866 in
750 3813 871 3865 studium
891 3830 970 3867 versa
994 3811 1145 3881 postulavit
1166 3814 1197 3862 ut

135 3878 229 3929 mrorout
244 3895 271 3932 se
287 3879 440 3935 honorilice
458 3888 601 3951 exceptum
621 3883 656 3936 iri
676 3887 704 3935 et
722 3883 745 3936 si
764 3885 916 3952 imperator
942 3901 1012 3952 quae
1029 3883 1111 3935 vellet
1133 3900 1195 3936 oon·

135 3934 206 3996 tedere
218 3956 360 4019 recusaret,
379 3952 542 4006 incolumem
563 3955 592 4006 in
602 3958 692 4007 caetra
703 3972 752 4007 sua
762 3954 905 4008 dimissum
917 3955 959 4007 iri.
996 3955 1195 4022 sanetisigitur

135 4017 249 4082 mugello
267 4022 419 4091 propositis
438 4024 546 4078 obsides
564 4024 635 4078 (lido
654 4024 736 4078 fratri
756 4025 831 4079 tradi
849 4025 1038 4095 custodirique
1056 4026 1091 4077 ab
1110 4042 1141 4078 co
1160 4023 1195 4077 ad

135 4088 194 4135 mun
200 4105 275 4158 usque
283 4093 407 4146 reditum
418 4094 506 4149 iussit.
543 4113 613 4165 quae
622 4096 708 4165 legati
716 4096 903 4164 approbantes
913 4102 942 4150 et
952 4097 1004 4165 ipai
1015 4095 1050 4149 ad
1059 4097 1195 4150 iusiuran-

136 4142 184 4203 dum
197 4156 226 4213 de
240 4163 365 4217 obsidum
384 4165 575 4220 incolumitate
602 4184 665 4221 eum
698 4168 816 4221 vicissim
845 4166 1010 4235 adegerunt;
1037 4166 1112 4236 quod
1131 4167 1197 4219 Boe-

138 4224 226 4283 ¹¹²odos
240 4232 271 4287 iis
288 4236 438 4303 praestitit
474 4236 548 4292 datis
565 4238 653 4308 igitur
671 4240 846 4307 acceptisque
872 4239 1034 4292 iuramentis
1052 4238 1196 4293 Sebastum

138 4281 250 4371 ¹trinum,
267 4304 443 4361 Adrslestum
471 4310 519 4378 qui
538 4309 688 4365 vocabatur
710 4315 739 4364 et
752 4309 904 4379 Rogerium
922 4309 1061 4363 Ilraucum
1088 4308 1197 4369 obsides
