2670 4866
418 428 613 480 semema
636 428 707 480 LIB.
729 428 793 480 ΧΠ.
816 421 844 478 5.
1121 419 1180 479 155

113 595 135 663 si
150 586 235 663 εόοδα
257 590 415 681 πράξοιεν
435 596 490 661 καὶ
512 591 531 681 ἡ
553 592 637 682 Τόχη
652 588 765 674 αὑτοῖς
785 588 1002 680 εὑνοὺστερόν
1016 621 1091 676 πως
1110 597 1180 664 ἐνα-

113 697 230 777 τινίσειε,
264 693 325 763 τόν
359 696 418 780 μέν
452 697 752 782 παραγκωνίσαιντο
788 689 927 784 άφέντες
961 700 1095 784 ψαίρειν
1123 700 1180 766 ἐπὶ
1192 705 1222 762 P.
1244 708 1299 760 360

117 793 253 883 πελάγους,
276 789 371 864 αὑτοὶ
392 796 429 864 de*
448 800 516 862 τῶν
544 792 720 882 σκήπτρων
740 789 934 880 άνθέξοιντο
963 795 1081 883 μικράν
1108 825 1180 866 τινα

119 894 189 980 δόξαν
209 899 259 964 καὶ
282 891 451 984 εάετηρίαν
470 891 559 984 αὑτῷ
580 891 823 982 άπονείγιαντες.
857 895 889 965 οὑ
903 899 1016 982 μέντοι
1038 926 1073 986 γε
1094 898 1181 985 πρὸς

103 999 213 1065 castas
237 996 330 1084 λόγοι
356 1002 414 1084 τῆς
446 999 623 1085 ἐπιβουλῆς
657 999 697 1065 οὑ
723 994 828 1087 φόνον
860 1003 919 1065 τοῦ
940 993 1181 1085 αὐτοκράτορος

122 1098 318 1185 ἐπηηίλλοντο
349 1092 428 1166 οόόέ
462 1100 651 1186 ξιφουλκίας
683 1100 869 1185 ἐμέμνηντο,
900 1094 940 1167 οὑ
970 1096 1074 1188 μάχης
1106 1096 1181 1170 οάὺἐ

124 1200 251 1283 πολέμων,
284 1203 339 1266 ἵνα
369 1198 414 1286 μή
439 1194 702 1286 καταπτοήσαιεν
732 1198 790 1266 τόν
818 1192 918 1283 άνὺρα
940 1197 1043 1267 πάλαι
1066 1207 1183 1269 τοῖτον

124 1296 214 1380 sitires
231 1300 315 1385 πρὸς
338 1298 427 1366 ἱίπαν
449 1295 538 1380 εἶδος
559 1301 707 1384 πολέμου
729 1295 925 1369 δειλότατον.
975 1304 1094 1369 τοῦτον
1113 1304 1183 1369 τοί-

124 1423 163 1463 νυν
177 1399 223 1469 τόν
240 1403 438 1487 Σολομῶντα
469 1398 585 1485 οἵσπερ
617 1398 656 1489 δή
687 1398 949 1487 κορυφαιότατοι
976 1407 1044 1469 τῶν
1074 1395 1183 1469 άλλων

95 1496 341 1585 Ῑθίιιγμσλλσαντο.
395 1499 651 1592 συνυπήχθησαν
683 1502 720 1569 dr}
741 1504 781 1591 τῇ
812 1498 943 1568 τούτων
963 1505 1066 1592 βουλῇ
1087 1499 1182 1568 καὶὺ

124 1599 231 1685 elpis
259 1604 313 1669 καὶ
344 1600 364 1670 ὑ
395 1601 456 1689 τήν
487 1602 645 1686 ἐπαρχίαν
675 1606 734 1691 τῆς
755 1604 1004 1669 Κιονσταντίνοα
1036 1605 1084 1689 τῷ
1105 1598 1181 1669 τότε

124 1696 373 1789 ὑηηαώςὲηρός.
406 1699 424 1769 ὑ
446 1704 558 1786 μέντοι
572 1703 732 1786 Σολομῶν
753 1702 957 1790 κουφοτέρας
978 1696 1025 1768 ὢν
1045 1697 1215 1788 γνιόμης,Β

124 1794 240 1884 καθάπερ
260 1793 395 1868 άνιοθεν
415 1798 548 1888 εἴρηται,
572 1802 626 1868 καὶ
647 1802 747 1889 μηδὲν
771 1805 839 1869 τῶν
865 1801 956 1886 παρά
976 1804 1036 1868 τοῦ
1058 1794 1183 1888 Ἐξαζη·

125 1899 166 1961 *οὗ
184 1902 226 1967 καί
244 1906 303 1969 τοῦ
325 1900 441 1967 Ὑαλέα
470 1903 523 1968 καὶ
551 1896 660 1969 αὑτῶν
680 1900 721 1991 δή
742 1907 810 1969 τιόν
833 1897 1021 1986 Ἀνεμάὺων
1040 1904 1184 1986 μελετω-

95 1994 200 2075 Ιλμένων
215 2003 318 2081 συνεὶς
340 2003 376 2069 ἐν
389 2004 498 2086 χερσὶν
519 1995 580 2090 ήδη
594 2001 652 2093 τήν
672 2004 838 2087 βασιλείαν
857 2000 1025 2088 Ῥωμαίων
1038 2002 1184 2084 κατέχειν

122 2090 237 2181 νῖόμινος
254 2102 460 2186 προσωμίλει
475 2104 540 2171 τισὶ
555 2105 610 2170 καὶ
625 2100 822 2170 ὑπεποιεῖτο
836 2101 1035 2186 ὑποσχέσεσι
1049 2103 1184 2186 δωρεῶν

121 2196 364 2288 matronatus
394 2201 531 2285 τούτους
565 2201 781 2291 ὑπαγόμενος.
838 2201 999 2293 φοιτήσας
1031 2204 1068 2271 όὲ
1098 2227 1182 2269 ποτε

122 2295 183 2377 πρὸς
202 2297 300 2371 αὑτόν
322 2301 341 2370 ὑ
363 2308 422 2372 τοῦ
451 2302 616 2392 δράματος
644 2310 827 2391 κορυφαῖος
851 2302 982 2394 Μιχαήλ
1004 2302 1023 2369 ὑ
1045 2297 1184 2386 ’Λνεμᾶς

121 2395 160 2461 wi
175 2400 370 2488 θεασάμενος
400 2400 576 2489 ὑμιλοῦντά
597 2431 661 2472 τινι
694 2401 909 2484 ἐπυνθάνετο,
939 2405 973 2470 τί
1004 2400 1044 2469 iis
1075 2399 1125 2489 εἴη
1142 2399 1181 2469 τό

93 2491 269 2582 κλινόμενον.
313 2502 390 2571 ὑδέ
411 2508 570 2590 Σολομῶν
600 2504 683 2590 μετὰ
714 2510 772 2593 τῆς
804 2501 970 2593 συνήθους
998 2497 1184 2589 άπλότιγτός

118 2615 192 2680 φησιν
209 2601 251 2684 ιὺς
274 2599 423 2689 αοίξίιομα
442 2604 576 2692 αἰτήσας
596 2604 682 2692 ἡμᾶς
702 2608 757 2672 καὶ
786 2602 895 2688 λαβών
920 2607 978 2692 τὴν
1005 2601 1183 2686 ὑπόσχεσιν

189 2816 211 2868 2.
231 2820 342 2884 φαίρειν
359 2816 392 2881 F,
410 2822 520 2886 χαίρειν
536 2817 566 2870 Ρ.
671 2820 711 2871 11.
730 2819 776 2883 τῆς
794 2820 1002 2870 Κωνσιανιίνου
1019 2815 1057 2883 τη]
1074 2808 1134 2866 τότε
1150 2815 1182 2878 F,

188 2886 222 2955 aqi
239 2882 300 2940 τότε
319 2888 366 2953 τῆς
386 2894 593 2942 Κωνσιανιίνου
604 2888 633 2941 P.
708 2891 747 2941 14.
769 2885 850 2941 taus
863 2888 896 2955 F,
918 2889 1002 2939 Υελέα
1014 2885 1042 2939 Ρ.
1094 2887 1132 2937 17.
1152 2886 1186 2937 δέ

188 2976 250 3010 ποτε
271 2958 304 3026 F,
324 2977 390 3011 ποτε
409 2976 462 3013 om.
481 2959 509 3012 P.
617 2962 660 3013 20.
682 2961 821 3031 Σολομῶν
838 2959 868 3027 Ρ,
887 2959 1002 3013 conexi.

116 3182 249 3295 pomum
267 3184 436 3253 redegerunt
445 3177 484 3238 'eo
502 3186 617 3240 consilio
635 3191 675 3251 ut,
687 3186 710 3239 si
724 3185 798 3240 felici
810 3190 956 3239 uterentur
965 3200 1088 3238 successu
1102 3187 1185 3252 atque

118 3256 212 3324 ,onena
229 3257 297 3324 ipsis
313 3256 457 3319 arrideret,
472 3262 613 3310 extrusum
625 3262 768 3326 tamquam
781 3259 809 3311 iu
821 3257 893 3310 mari
910 3273 972 3309 eum
989 3255 1185 3324 relinquerent,

116 3321 247 3452 lttttt
266 3328 975 3468 {ttalttffll‘sttttttafltattt‘tt
992 3327 1186 3451 ttttttlt

116 3454 192 3521 habitis
224 3470 400 3537 imperatoris
431 3470 526 3523 modes
553 3487 607 3523 non
637 3471 906 3524 commemorabatur
939 3486 1027 3537 neque
1061 3469 1118 3521 ulla
1151 3468 1185 3520 ds

117 3526 170 3588 ferm
186 3546 231 3593 aut
248 3539 283 3592 de
301 3558 396 3609 pugna
409 3541 521 3594 bellisve
539 3542 644 3594 mentio
662 3541 754 3606 fiebat,
776 3559 810 3595 ne
823 3542 936 3599 bomini.
951 3557 1030 3608 quem
1051 3540 1085 3592 sd
1105 3556 1185 3591 omns

116 3598 192 3661 bellun
213 3611 420 3679 ignavissimum
441 3612 572 3680 sciebant,
591 3618 725 3665 terrorem
745 3613 887 3666 inicerent.
935 3612 1008 3665 bunc
1033 3612 1120 3680 igitur
1140 3608 1185 3662 So·

116 3667 224 3753 lunonem
237 3688 379 3751 tamquam
404 3687 558 3736 ceterorum
580 3685 735 3751 principem
758 3684 1003 3752 amplectebantur.
1044 3685 1187 3749 practerea

117 3749 210 3827 auslsm
238 3754 346 3806 consilii
375 3755 524 3822 participes
552 3753 620 3807 facti
649 3759 715 3806 sunt
742 3753 850 3807 Sclerus
879 3760 907 3806 et
925 3754 1022 3817 Xcrus,
1052 3752 1100 3820 qui
1119 3751 1187 3803 Con·

118 3817 284 3891 basinopolis
304 3823 477 3892 praefectura
496 3828 555 3877 tum
575 3825 686 3878 functus
704 3825 803 3878 fuerat.
852 3825 981 3878 Salomon
1000 3840 1073 3890 vero,
1097 3823 1187 3887 homo,

118 3890 140 3937 ul
154 3889 210 3953 dixi,
236 3894 350 3948 levioris
379 3896 484 3964 ingenii
503 3896 680 3964 omniumque
706 3897 826 3965 ignarus,
854 3913 924 3964 quse
952 3896 986 3949 ab
1005 3894 1130 3946 Exazeno
1159 3898 1187 3944 et

118 3950 193 4023 fibla
205 3965 325 4034 ipsisque
334 3966 522 4020 Ansmadibus
540 3967 718 4035 parabantur,
728 3969 805 4035 quasi
823 3968 877 4019 iam
891 3967 1038 4033 imperium
1049 3965 1186 4017 Romano·

119 4040 163 4082 mm
177 4037 286 4104 teneam,
305 4037 376 4090 adiit
394 4037 527 4105 quosdam
550 4054 649 4107 eosque
678 4055 793 4090 munera
822 4038 1026 4105 dignitatesque
1046 4035 1186 4102 pollicitus

119 4102 237 4178 anulare
255 4107 371 4161 studuit.
400 4109 529 4162 convenit
547 4126 609 4161 eum
621 4108 694 4162 sorte
707 4108 854 4176 aliquando
869 4106 1003 4160 dramatis
1017 4105 1186 4174 coryphaeus

120 4160 209 4228 llltlael
225 4178 352 4246 Ananias,
371 4179 427 4247 qui,
445 4196 508 4232 cnm
532 4195 594 4232 enm
612 4181 704 4233 neseio
723 4196 841 4248 quocum
859 4177 1084 4232 confabulantem
1104 4176 1185 4229 vidis·

121 4243 227 4317 etquid
243 4249 317 4302 inter
338 4267 366 4303 se
384 4248 551 4317 conferrent,
569 4251 725 4305 sciscitatus
748 4254 797 4304 est.
837 4255 897 4302 tum
922 4252 1054 4301 consucta
1081 4247 1186 4314 simpli·

122 4312 184 4367 “lile
199 4318 323 4375 Salomon
351 4320 433 4374 “hic”
452 4321 545 4388 inquit
571 4321 636 4390 “qui
657 4321 825 4390 dignitatem
843 4337 860 4374 a
877 4319 957 4372 nobis
974 4317 1057 4386 potiit
1076 4320 1189 4386 accepta
