2670 4866
416 407 612 459 semema
636 408 706 459 Lm.
733 407 795 459 XII.
815 399 843 458 8.
1117 394 1176 455 167

107 580 257 662 συμμιγοῦς
278 565 338 644 σύν
357 580 419 662 τῆς
442 568 604 664 εύφημίας
624 570 693 643 άπό
715 601 751 642 τε
765 581 833 644 τῶν
852 575 944 657 ἐντός
963 571 1033 646 δπό
1054 602 1090 646 τε
1111 584 1178 645 τῶν

110 673 177 757 ἐκτός
185 680 349 765 γινομένης
359 680 414 746 καὶ
428 674 535 743 πάντα
549 675 590 745 τά
610 679 710 763 πέριξ
727 680 965 766 κατειληφυίας,
982 681 1056 746 ἐπεὶ
1068 675 1178 748 τοιού·
1187 688 1217 742 Ρ.
1237 692 1290 743 367

112 802 161 857 τοις
177 776 279 864 λόγοις
299 781 353 846 καὶ
369 779 573 864 ἐπαγγελίαις
595 779 731 863 ψευδέσι
749 775 808 845 τδν
826 783 886 845 τοῦ
902 776 1177 868 Κοντοοτεφάνου

113 869 227 967 όιιηύρει
244 877 404 966 λογισμόν
425 876 445 966 ἡ
467 883 662 962 οτρατιῶτις
682 878 787 965 ἐκείνη
809 876 886 966 γυνη
899 875 945 958 ιός
967 875 1101 966 εἴρηται,
1121 906 1178 946 κα-

97 978 275 1065 ῡτολομβύνει
297 981 352 1046 καὶ
374 977 393 1047 ό
416 975 694 1063 προσδοκώμενος
720 980 798 1062 μεθ’
824 966 871 1045 ιόν
896 976 1099 1067 συναπήγετο
1122 1006 1178 1045 κο·

114 1074 197 1165 μήτοι
213 1081 265 1147 καὶ
286 1076 391 1164 ὁμόσε
412 1075 495 1146 κατά
521 1083 584 1146 τοῦ
611 1075 889 1167 Κοντοστεηυόναυ
918 1076 1068 1167 χωρήσας
1098 1081 1178 1170 ἡττᾷ

116 1176 174 1245 κατά
189 1176 310 1265 κράτος.
355 1176 387 1246 οὶ
409 1180 468 1265 μὲν
491 1168 550 1247 σόν
570 1183 630 1246 τοῦ
653 1181 804 1246 ναυτικοῦ
827 1175 971 1258 ἅπαντες
986 1175 1031 1259 ιός
1044 1170 1178 1264 άπειροι

115 1280 156 1364 τῆς
168 1277 211 1346 διὰ
230 1283 329 1367 ξηρᾶς
349 1277 453 1367 μάχης
465 1284 505 1370 τῇ
526 1277 678 1368 θαλάσση
694 1276 829 1359 ἑαυτούς
842 1281 1089 1366 προσέρριψαν·
1111 1283 1178 1346 τῶν

114 1376 179 1462 δὲγε
195 1382 333 1447 Σκυθῶν
360 1375 658 1465 προεκδραμόντων
686 1383 851 1468 (παρῆσαν
876 1380 935 1465 γάρ
963 1376 1069 1447 ἱκανοὶ
1093 1378 1177 1463 μετὰ

93 1481 156 1542 broi
169 1475 336 1564 Ῥωμαὶκοῦ
357 1478 615 1567 στρατεύματος)
645 1481 679 1547 ἐν
706 1485 754 1567 τῷ
779 1482 881 1567 καιρῷ
911 1483 973 1566 τῆς
999 1476 1103 1567 μάχης
1129 1479 1177 1560 εἷς

116 1577 255 1670 προνομήν,
292 1577 339 1661 σός
371 1579 455 1660 ἔθος
476 1587 548 1660 τοῖς
579 1577 744 1660 τοιούτοις
764 1576 950 1665 βαρβάροις,
976 1582 1177 1668 συμβέβηκεν

115 1671 205 1747 latmi
222 1678 349 1748 τούτων
371 1680 410 1766 ἓξ
424 1680 482 1749 τόν
503 1675 657 1767 άριθμόν,
682 1674 739 1760 οὓς
750 1681 804 1747 καὶ
825 1674 1072 1760 άπσσταλὲντας
1092 1687 1176 1748 θεα-

115 1771 256 1860 σόμενοςό
279 1785 485 1864 Βαϊμοῦντος
512 1778 668 1865 καθάπερ
693 1807 724 1848 τι
752 1782 904 1866 μέγιστον
927 1776 1076 1864 πόρισμα
1100 1777 1206 1848 τού-Β

114 1899 169 1956 τους
185 1878 286 1962 λαβών
306 1875 409 1961 εύθδς
431 1877 517 1965 πρός
538 1878 662 1968 Ῥώμην
683 1873 794 1970 άπῂει.
831 1882 885 1947 καὶ
905 1877 1097 1964 καταλαβών
1116 1878 1175 1946 τόν

93 1964 299 2046 elumolium
320 1979 446 2065 θρόνον
466 1983 520 2048 καὶ
541 1986 589 2070 τῷ
609 1977 708 2070 πάπᾳ
732 1982 918 2063 διαλεχθεὶς
936 1982 990 2046 καὶ
1013 1978 1098 2064 πρός
1119 1974 1175 2065 όρ-

115 2069 232 2162 γήιόλον
251 2079 384 2168 κινησας
404 2079 484 2148 κατά
505 2087 572 2148 τῶν
584 2079 753 2166 Ῥωμαίων
773 2083 828 2147 καὶ
846 2080 905 2171 την
927 2073 1088 2147 άνὲκαθεν
1110 2085 1177 2146 τῶν

114 2175 253 2265 βαρβάρων
274 2178 403 2249 τούτων
422 2185 520 2270 μῆνιν
541 2180 623 2250 κατὰ
643 2187 703 2250 τοῦ
736 2179 909 2270 ἡμεδαποῦ
930 2180 1041 2267 γένους
1067 2174 1177 2266 άνερε-

114 2276 192 2361 δίνας,
212 2285 263 2349 ἵνα
283 2284 407 2369 μᾶλλον
428 2280 509 2362 τούς
530 2276 618 2370 ἀμφὶ
638 2280 697 2351 τόν
718 2279 834 2348 πάπαν
847 2276 987 2361 Ἰταλούς
1002 2277 1175 2371 ἓκμήνειεν,

114 2372 325 2465 lapsanas
350 2384 404 2450 καὶ
431 2381 509 2462 τούς
540 2380 725 2462 ἑαλωκότας
750 2386 816 2449 τῶν
841 2386 983 2449 Σκυθῶν
1010 2379 1177 2469 παρεστή-

93 2476 170 2543 ”0010
197 2478 306 2568 ὥσπερ
340 2483 378 2566 ἐξ
405 2476 518 2550 αύτῶν
542 2488 608 2549 τῶν
630 2481 829 2569 πραγμάτων
860 2478 1108 2565 ἐνδεικνύμενος,
1132 2479 1178 2562 ιός

114 2562 190 2657 tuat
210 2578 420 2667 αότοκράτωρ
440 2576 586 2666 Ἀλέξιος
611 2586 778 2667 δυσμενῶς
801 2582 886 2665 ἔχων
905 2581 947 2650 τὰ
969 2580 1054 2668 πρός
1073 2590 1177 2665 Χρισ-

113 2679 209 2761 τιανούς
238 2680 426 2768 βαρβάρους
456 2682 545 2763 τινάς
578 2678 742 2763 άπόστοις
773 2685 826 2750 καὶ
854 2677 1052 2762 ἀλλοκότους
1073 2679 1177 2749 ἱππο-

185 2862 206 2912 l.
224 2856 363 2930 εύηημίας
381 2860 414 2943 F,
435 2843 562 2930 εόιγὴμης
579 2860 608 2912 P.
633 2926 640 2942 ι
675 2861 701 2912 2.
722 2858 961 2940 καιειληηιιάςβ,
982 2860 1180 2941 κατειλειηιυλιις

184 2928 211 2983 Ρ.
258 2934 283 2984 5.
304 2946 474 3001 συνυπηγετο
483 2931 515 2997 F,
533 2947 705 2999 οιναπηγειυ
718 2931 747 2984 P.
800 2930 840 2983 13.
860 2928 874 2983 ό
894 2935 1178 2999 βιιρβιιρυςΒοὶμουν-

184 3020 225 3060 τος
243 3003 266 3055 F
274 3019 280 3069 ;
300 3019 335 3055 m.
354 3001 413 3056 ead.
432 2995 569 3071 βάρβαρος
580 3003 724 3072 expunxit.
836 3003 877 3054 17.
895 2999 1001 3070 γένους]
1022 3001 1178 3059 σθένουςῦ.

114 3158 188 3244 lirant,
209 3177 321 3241 repente
349 3171 457 3226 deiecta
487 3171 523 3225 ad
548 3188 670 3241 pugnam
694 3189 722 3225 se
745 3174 927 3225 converteret.
962 3170 1178 3224 consonantibus

114 3241 176 3313 ipim
202 3243 372 3297 obsessorum
401 3243 643 3311 obsidentiumquc
671 3242 924 3308 acclamationibus,
956 3241 1056 3308 quibus
1086 3243 1179 3296 omnia

113 3317 187 3363 mun
203 3314 415 3383 complerentur,
433 3332 496 3368 cnm
528 3314 583 3368 illis
611 3315 701 3367 verbis
725 3313 855 3381 falsisque
879 3313 985 3366 nuntiis
1008 3312 1104 3381 virago
1123 3313 1178 3380 illa,

113 3380 135 3426 tl
146 3378 256 3449 diximus,
281 3385 496 3453 Contostepbani
516 3386 638 3438 animum
659 3384 847 3453 suspenderet,
871 3384 984 3436 advenit
1002 3384 1115 3436 interim
1134 3401 1178 3437 ex·

113 3453 207 3526 latntes
222 3458 257 3509 ab
273 3474 305 3509 ea
323 3455 395 3509 filius
409 3475 463 3510 una
481 3474 543 3510 cum
563 3457 625 3509 aliis
642 3456 799 3521 comitibus,
818 3455 866 3524 qui
886 3457 915 3508 in
927 3453 1179 3522 Contostophanum

113 3523 170 3600 'lnnl
194 3528 293 3581 invecti
323 3528 462 3596 ingentem
491 3528 517 3580 ei
549 3527 652 3580 cladem
681 3526 812 3580 inierunt.
859 3527 953 3594 itaque
986 3525 1070 3578 turba
1089 3525 1179 3580 classi·

112 3598 203 3649 'norum
219 3600 393 3652 terrestrium
413 3616 568 3668 pugnarum
597 3598 726 3666 imperita
749 3598 778 3651 in
802 3614 878 3650 mare
896 3615 925 3651 sc
946 3597 1073 3665 proiecit.
1120 3599 1178 3666 qui·

112 3654 156 3714 lim
170 3684 226 3722 vero
246 3669 417 3739 Scytharum,
446 3671 494 3739 qui
521 3668 595 3722 haud
623 3670 704 3737 pauci
732 3674 812 3722 erant
840 3669 869 3720 in
890 3668 1016 3722 Romano
1046 3668 1177 3735 exercitu,

112 3741 155 3784 Μ)
168 3737 191 3790 in
208 3742 267 3809 ipso
285 3758 395 3810 pugnae
418 3741 579 3795 discrimine
597 3739 748 3809 praedandi
770 3756 860 3805 causa,
886 3745 918 3793 ut
936 3755 996 3792 mos
1017 3743 1060 3791 est
1077 3737 1177 3792 horum

111 3795 268 3872 htrbarorum,
288 3813 483 3876 cucurrissent,
501 3811 610 3874 accidit,
634 3815 666 3864 nt
684 3815 849 3879 caperentur
867 3827 961 3864 corum
981 3826 1036 3876 sex,
1056 3826 1124 3877 quos
1142 3809 1178 3863 ad

112 3882 132 3921 ’θ
143 3879 220 3934 missos
231 3883 407 3937 Boemundus
425 3883 543 3937 intuitus
555 3884 626 3936 sicut
644 3882 843 3951 amplissimum
863 3883 968 3949 accepit
991 3879 1177 3933 corollarium.

111 3945 179 4002 ”Atini
200 3956 271 4007 enim
292 3972 354 4007 cum
375 3955 417 4008 his
435 3954 549 4008 Romam
580 3953 650 4007 abiit
672 3953 817 4022 sedemque
835 3952 930 4006 adiens
949 3951 1126 4019 apostolicam
1146 3969 1177 4005 ac

112 4024 182 4081 illua
200 4024 343 4092 colloquiis
361 4042 505 4095 aggressus
523 4025 557 4079 ad
576 4042 710 4078 summam
729 4025 805 4078 acuit
831 4024 860 4076 in
880 4023 1019 4076 Romanos
1037 4022 1108 4075 iram
1131 4040 1175 4075 re·

112 4086 220 4163 ¹§tulique
238 4096 420 4150 barbarorum
440 4096 557 4151 istorum
575 4096 705 4150 adversus
722 4111 808 4165 genus
827 4098 953 4147 nostrum
972 4091 1094 4146 furorem
1112 4110 1174 4147 con-

113 4157 189 4215 saue
221 4166 269 4220 sod
286 4173 319 4221 ut
336 4184 424 4236 papas
441 4172 469 4221 et
488 4167 620 4221 Italorum
633 4166 807 4221 Boemundus
824 4166 930 4219 rabiem
950 4162 1038 4231 magis
1056 4180 1175 4218 commo·

113 4234 174 4297 met,
195 4242 288 4308 captos
306 4236 419 4307 Scythas
447 4238 475 4292 in
494 4239 585 4293 medio
602 4238 758 4299 collocavit,
786 4237 864 4306 quusi
881 4238 936 4289 iam
954 4234 1022 4305 ipsis
1044 4251 1077 4290 ox
1096 4235 1178 4290 robus

114 4300 238 4374 etuas,
261 4311 457 4380 imperatorem
477 4310 613 4380 Alexium,
637 4308 788 4364 Christiani
807 4308 926 4362 nominis
947 4306 1063 4376 hostem,
1085 4306 1179 4376 impiis
