2670 4866
242 425 438 481 annxmms
459 426 529 481 LIB.
549 426 626 481 xm.
653 416 699 480 10.
960 415 1022 479 225

113 592 153 664 οὗ
174 601 241 663 τῶν
262 597 422 662 νωτιαίων
450 591 644 663 οιτονδόλων
665 621 696 663 τι
717 595 943 664 πεπονθότων
962 603 1023 685 τῆς

93 690 161 763 ἄλλ’
184 695 270 764 οὕτω
289 698 431 783 μετρίως
456 697 492 764 έκ
513 701 650 785 γενετῆς,
673 695 720 778 ὥς
743 696 840 779 έόικε,
871 697 930 786 τὴν
952 697 1053 768 διό-Β

93 821 191 884 τχηκε.
226 795 265 863 τό
287 802 401 882 χριῖιμα
423 793 504 863 κατὰ
526 795 565 864 τό
586 799 664 864 ἄλλο
685 800 746 883 μέν
760 797 1023 885 οιῦμαλευκότα-

93 895 319 983 ’ἐπριοωττον
339 897 421 984 μετὰ
448 903 508 965 τοῦ
531 900 693 966 λευκοῦ’
677 905 872 984 επυροοῦτο.
922 904 977 969 καὶ
994 897 1022 990 ,ἦ

93 997 238 1083 όξανθος,
273 993 340 1064 αλλ’
374 992 412 1066 οὗ
437 999 497 1084 μέν
528 988 586 1066 οόν
606 1000 700 1085 μέχρι
720 1005 788 1068 τῶν
811 1004 1024 1127 μεταιηρένων

93 1127 128 1187 νη
148 1098 230 1166 κατιί
255 1126 332 1179 τοις
355 1090 474 1220 ίίίληις
502 1096 703 1185 βαρβάρους·
737 1095 776 1168 οὖ
808 1100 867 1189 γδρ
900 1103 1025 1186 έτριχο·
1009 1117 1066 1173 ·.V
1085 1119 1139 1170 320

93 1193 182 1288 όνηρ,
216 1193 301 1267 dli&
319 1200 467 1320 κουρίας
499 1187 538 1286 ἦν
569 1201 662 1286 μέχρι
684 1206 750 1267 τῶν
781 1193 885 1269 ιίίτων.
928 1200 966 1270 τδ
990 1202 1026 1270 δε

93 1299 130 1367 ’τε
153 1298 283 1385 πυρσόν
303 1295 370 1366 εἴτε
393 1291 474 1366 όίλλο
497 1325 528 1365 τι
548 1304 662 1421 γρῶμα
684 1295 778 1384 εἶχεν,
806 1296 864 1369 οὐκ
888 1299 953 1385 έχω
975 1304 1026 1368 λέ-

93 1399 172 1484 υρδς
194 1426 257 1487 γαρ
277 1393 519 1486 έπεξηίθεν’
476 1396 558 1466 αυτό
582 1402 635 1467 καί
655 1399 785 1469 τιτάνου
799 1401 924 1483 παντὸς
936 1397 1027 1489 οἷκρι-

93 1497 231 1566 ’ἐδόκει
254 1500 282 1565 δ
306 1487 363 1564 οὖν
387 1492 470 1565 εἶναι
492 1499 545 1564 καί
563 1504 662 1566 τοῦτο
678 1499 815 1585 πυρσόν.
847 1529 887 1569 το
877 1500 1027 1623 βλέμμα

93 1601 138 1666 ατί
160 1596 227 1722 ἅμα
252 1596 362 1720 θυμόν
380 1600 433 1664 καί
455 1597 685 1684 έμβρίδειαν“
668 1607 910 1724 υποσημαῖνον.
932 1602 986 1668 καὶ
1008 1597 1028 1691 ἡ

101 1697 194 1767 καὶὸ
214 1701 338 1817 μυκτηρ
360 1696 582 1785 έλείθερον”
560 1725 652 1767 euvei
667 1698 727 1767 τδν
740 1693 837 1785 ἅέρα·
859 1698 1027 1788 συνηγόρει

93 1803 192 1889 κτῆρι
213 1797 267 1867 διὰ
288 1803 355 1866 τῶν
378 1801 520 1884 στέρνων
543 1803 597 1867 καί
625 1798 680 1868 διὰ
700 1811 760 1868 τοῦ
780 1807 943 1887 μυκτῆρος
970 1826 1028 1892 την

96 1927 161 1966 νων
191 1896 357 1986 εέρότητα.
401 1897 420 1989 ἦ
451 1899 513 1987 γὰρ
547 1898 646 1990 (γόοις
680 1898 846 1984 διεξόδους
875 1897 1057 1975 έδεδιόκειο

93 2006 212 2121 ρινιῦγ
200 2005 260 2066 τοῦ
278 1995 347 2067 eino
369 2006 429 2088 τῆς
443 2003 576 2085 καρδίας
590 1998 820 2118 παηνλὰζοντος
834 1998 1027 2086 πνεύματος.

93 2128 99 2166 ι
120 2102 175 2166 καί
198 2097 387 2189 ἐνεφαίνετο
410 2105 456 2218 τη]
478 2095 571 2185 ανδρί
591 2097 712 2187 τούτῳ,
735 2093 818 2166 ἀλλὰ
838 2106 911 2180 τοῖς
925 2096 1029 2166 διτταν-
1076 2171 1087 2188 .

93 2207 253 2290 φοβεροῖς
275 2195 500 2287 όττεθραιίετο.
541 2198 618 2282 ὅλος
635 2199 699 2324 γὰρ
720 2204 766 2270 δι’
791 2199 869 2269 όλου
884 2207 943 2269 τοῦ
965 2198 1029 2270 σώ-

93 2289 301 2381 νείίακτος
282 2327 321 2390 ην
353 2304 407 2368 καί
436 2298 643 2390 θηριώδηςί
627 2329 645 2369 ο
668 2294 851 2388 όνθρωττος
879 2296 948 2370 α’ττδ
969 2328 1028 2371 του

93 2453 99 2481 ,
125 2395 195 2468 ulmi
217 2407 277 2468 τοῦ
298 2403 492 2487 βλέμματος,
516 2404 609 2469 δοκεῖ
622 2429 689 2487 μοι,
713 2404 767 2469 καί
782 2429 800 2468 ο
789 2395 970 2488 (γέλως
928 2407 1029 2470 αυτοῦ

92 2529 132 2581 ιις
154 2503 342 2590 έμβρίμημα
363 2491 409 2590 ἦν,
455 2499 560 2583 οὕτως
581 2496 648 2585 εἶχε
679 2507 789 2589 ψυχῆς
815 2529 851 2569 τε
880 2506 934 2569 καί
964 2499 1029 2570 σώ-

93 2604 181 2681 ςκαί
204 2601 261 2667 τόν
290 2600 401 2685 θυμόν
435 2600 596 2689 ἐντούτῳ
629 2599 854 2687 κορίοοεοθαι
886 2604 939 2670 καί
972 2600 1030 2669 τδν

93 2706 110 2768 τί
131 2696 340 2792 ἀμφοτέρους
363 2700 442 2788 δρᾶν
464 2701 550 2787 πρός
571 2700 728 2786 πόλεμον.
765 2700 803 2768 τό
826 2703 863 2770 δέ
877 2698 1030 2793 φρόνημα

93 2885 140 2940 ατί(
161 2887 272 2956 scripsi:
294 2887 386 2941 καίΡ.
459 2890 483 2970 9.
501 2885 567 2957 γὰρ]
587 2888 705 2975 γοῦνῦ
790 2890 829 2942 14.
849 2882 1030 2951 έδεδυίκειῖ,

93 2954 150 3010 όκει
173 2959 203 3011 Ρ.
303 2962 336 3012 18
354 2977 392 3028 sq.
411 2954 468 3012 ἀπό
489 2976 517 3011 τε
534 2956 705 3029 μεγέθους’
691 2954 748 3012 ano
767 2976 795 3011 τε
813 2959 995 3029 βλέμματοςῖ

94 3120 221 3185 debatur,
240 3139 295 3175 non
314 3140 368 3190 quo
395 3121 538 3176 vertebrae
557 3125 606 3175 aut
625 3120 705 3190 spina
734 3121 809 3175 dorsi
829 3120 916 3176 laesae
933 3125 1031 3188 essent,

93 3191 200 3246 alrebilo
234 3192 296 3259 luit,
315 3193 389 3261 ιμιοδ
408 3193 472 3246 inde
489 3194 525 3246 ab
549 3193 668 3247 infantia
698 3193 868 3261 aliquantum
898 3194 927 3246 in
945 3193 1030 3246 istum

94 3264 239 3317 eolinubal.
277 3265 353 3317 color
372 3264 478 3333 reliquo
507 3282 622 3333 eorpore
650 3265 876 3334 candidissimum
904 3265 933 3316 in
962 3263 1032 3317 faeie

104 3335 181 3388 oolor
222 3353 283 3387 oum
315 3336 471 3389 rubicundo
509 3338 620 3389 nrixlus.
680 3336 773 3403 capilli
811 3334 935 3399 eubllavi,
976 3353 1031 3388 non

103 3406 286 3459 barbarorum
304 3424 379 3459 more
398 3409 427 3459 in
447 3407 575 3459 humeros
597 3406 721 3474 deminum
747 3407 782 3459 ab
808 3407 863 3459 islo
890 3408 963 3458 euim
992 3407 1030 3458 in·

93 3495 110 3530 e
128 3477 221 3531 studio
241 3477 344 3530 alienus
368 3478 403 3530 od
418 3495 496 3530 aurea
511 3495 596 3546 usque
618 3482 713 3531 lunens
730 3484 797 3531 orat.
840 3478 931 3533 ,barba
953 3476 1031 3529 rutili

93 3549 154 3601 loris
167 3548 261 3613 suerii,
275 3548 367 3601 dicere
380 3567 434 3601 non
449 3566 567 3617 possum.
597 3551 698 3615 etenim
712 3549 798 3601 barba
810 3548 959 3601 novaculae
975 3549 1031 3601 aoie

93 3636 150 3673 rasa
168 3618 339 3687 superficiem
354 3620 399 3673 illo
411 3620 533 3673 habebat
551 3637 636 3688 gypso
656 3619 801 3687 leviorem3
820 3636 986 3687 quamquam
1006 3623 1034 3670 el

96 3690 180 3743 suisne
200 3690 353 3744 videbatur.
390 3691 481 3759 glauoi
500 3691 582 3754 oonli,
602 3693 659 3743 irae
678 3696 706 3743 el
728 3693 875 3759 gravilolie
894 3692 950 3744 vim
969 3706 1032 3757 pro·

93 3779 154 3814 aeus
177 3778 310 3828 naresque
335 3762 449 3815 liberam
479 3763 580 3830 spiritu
612 3763 730 3814 animam
760 3761 908 3829 diroeliant3
938 3777 1033 3813 uanum

93 3849 138 3885 ore
166 3832 316 3885 adiuvabat
346 3840 373 3886 el
400 3834 487 3887 latam
516 3850 611 3885 ruraaa
641 3839 736 3900 peetus
763 3832 884 3885 naribus.
933 3836 1034 3883 natura

92 3920 171 3956 naree
192 3905 297 3957 exitum
317 3904 383 3957 feeit
400 3904 601 3958 effervesoenlie
628 3921 642 3955 e
670 3903 753 3958 eorde
783 3904 861 3956 aeria.
898 3903 1034 3955 eminebat

93 3991 99 4027 ι
125 3974 258 4043 quiddam
284 3993 316 4028 ex
338 3976 465 4028 universo
492 3975 574 4028 huius
595 3974 648 4028 viri
677 3976 775 4041 speeie,
803 3973 849 4026 aed
879 3973 1034 4026 terroribus

93 4063 123 4099 ue
140 4048 350 4114 erumpentibus
368 4046 556 4115 frangebatur.
592 4046 695 4098 etenim
714 4049 790 4097 totus
806 4045 892 4097 toliue
909 4044 1034 4111 eorporis

93 4134 129 4169 rm
149 4116 271 4170 habebat
288 4117 399 4186 aliquod
421 4135 480 4171 mea
498 4117 609 4185 quidem
637 4116 774 4169 sententia
803 4120 831 4167 el
857 4115 1034 4173 inexorabile,

93 4187 237 4240 iiludinem
266 4189 323 4241 eive
353 4187 460 4242 vultum
487 4194 608 4256 spectum
635 4192 718 4255 atque
746 4186 817 4238 rinus
834 4185 892 4238 eiua
917 4185 1035 4238 aliorum

94 4258 236 4313 imillimua
253 4259 314 4312 suit.
352 4260 403 4313 tali
421 4264 481 4313 erat
499 4264 590 4312 mente
617 4263 646 4312 el
672 4273 798 4324 corpore,
826 4261 858 4308 ul
884 4262 913 4310 el
939 4257 981 4309 ira
1008 4261 1037 4308 el

93 4332 146 4398 lpeo
165 4347 242 4383 arma
259 4335 369 4399 gereret
397 4335 425 4383 et
453 4331 486 4384 ed
514 4329 616 4383 bellum
636 4330 781 4397 spectaret.
818 4327 960 4395 ingenium
978 4327 1037 4379 eiua

107 4433 250 4488 Οοιωκιιο.
288 4436 329 4490 Π.
832 4432 865 4485 lo
