2670 4866
354 436 550 491 mumma
574 439 643 491 nm.
671 439 748 490 xm.
768 432 796 488 9.
1061 423 1138 488 219.

81 599 161 672 irrui
179 600 399 691 ἀκουσόμενος
418 596 518 687 αὖθις
538 604 580 675 τά
602 604 678 697 ἡμῖν
708 609 877 674 δοκοῦντα.
928 608 981 673 καί
1008 605 1038 674 εί
1065 605 1125 691 μὲν

81 700 198 774 :amiton
215 704 250 773 αί
272 701 470 795 ἀμφοτέρων
500 712 623 795 γνῶμαι
655 705 877 794 ξονδράμοιεν,
910 711 984 795 Θεῷ
1016 703 1123 792 χάρις·

105 808 127 871 δ’
154 797 218 889 οῦν,
251 802 347 895 άσινῆ
384 834 422 877 σε
454 799 554 889 αὖθις
585 806 671 895 πρῦς
710 807 770 897 την
804 808 927 876 οἰκείαν
961 809 1123 892 ἐκπέμψω

81 905 246 996 αρεμβολὴν.
298 905 379 975 ἀλλὰ
411 912 464 977 καί
499 907 572 978 ὅσοι
604 915 671 977 τῶν
702 907 768 977 άπὸ
801 910 838 977 σὲ
870 909 956 994 πρὸς
986 906 1046 996 τὴν
1065 911 1125 974 τοῦ

81 1007 126 1074 ιὀο
143 1007 248 1099 τάφου
281 1008 502 1098 προσκύνησιν
532 1004 666 1079 οίπιίναι
697 1006 923 1101 βουλήσονται,
956 1006 1125 1096 διασωθῆ-

81 1131 142 1176 mm
175 1112 251 1195 παρ’
287 1111 383 1196 ἐμοῦ·
414 1109 485 1179 ὅσοι
519 1113 556 1180 δὲ
585 1111 647 1199 την
680 1113 766 1196 πρδς
798 1110 856 1201 την
887 1109 995 1197 χώραν
1017 1102 1156 1177 αῦτῶνΒ

81 1207 228 1296 πχιίρησιν
249 1211 395 1288 ἕλωνται,
419 1213 569 1295 δαψιλῶν
588 1218 655 1280 τῶν
677 1214 713 1297 ἐξ
733 1213 814 1298 ἐμοῦ
830 1216 964 1297 δωρεῶν
978 1205 1125 1278 άπολαῦ-

81 1332 145 1390 ινιις
166 1310 250 1396 πρὸς
270 1309 311 1378 τά
334 1308 419 1379 οἴκοι
439 1306 741 1401 ιίπολοθησονται.”
775 1315 827 1382 καὶ
849 1308 886 1393 ὃς
907 1311 994 1398 πρὸς
1008 1305 1126 1388 αῦτοῦς

81 1412 119 1473 νῦν
146 1410 245 1497 ἔγνων
278 1402 391 1491 άντως,
424 1409 516 1496 παρὰ
547 1418 607 1480 τοῦ
637 1414 797 1496 βασιλέως
827 1415 981 1500 σταλῆναι
1008 1403 1126 1494 άνδρας

81 1509 159 1590 ονοῦς
191 1511 299 1579 εἰπεῖν
331 1537 367 1578 τε
399 1509 496 1598 λόγον
527 1514 582 1580 καὶ
616 1514 784 1596 δέξασθαι.
841 1511 924 1580 αἰτῶ
958 1516 1035 1598 γοῦν
1066 1502 1124 1596 ἀφ’

81 1613 127 1674 νῦν
143 1614 371 1700 πληροφορίαν
393 1615 504 1697 λαβεῖν
525 1612 573 1693 εἰς
593 1611 633 1680 τά
650 1616 814 1694 παντελές,
836 1612 882 1704 μη”
903 1616 1028 1697 ἀτίμως
1042 1610 1126 1679 ῦπο-

81 1716 186 1797 ιχδηναι
219 1711 310 1797 παρὰ
338 1719 397 1779 τοῦ
430 1707 680 1798 αῦτοκράτορος,
714 1709 799 1783 α’λλά
830 1712 896 1801 πρδ
928 1713 967 1798 ἓξ
985 1712 1127 1780 σταδίων

81 1805 117 1888 οῦς
132 1809 365 1897 γνησιωτάτοες
394 1818 460 1880 τῶν
487 1817 563 1882 καθ’
595 1808 679 1899 αἷμα
700 1815 1004 1903 προσῳκειωμένων
1036 1807 1125 1900 αδτηῦ

81 1904 103 1992 ην
120 1910 189 2000 ἐμὴν
207 1911 413 2001 ποιήσασθαι
437 1912 693 2002 προῦπάνεηοιν,
718 1918 796 2001 περὶ
820 1917 856 1983 δὲ
876 1913 935 2005 την
956 1911 1125 2003 βασιλικην

81 2008 149 2099 ιηνην
170 2011 355 2081 κολάσαντα
375 2012 442 2100 ἅμα
457 2020 504 2103 τῷ
524 2015 586 2096 τάς
607 2013 712 2096 πάλας
732 2015 864 2083 εἰσιέναι
880 2015 933 2082 καὶ
946 2009 1046 2082 αῦτδν
1066 2016 1125 2102 τῆς

81 2111 195 2199 ωιλικης
214 2112 431 2196 ἐξαναστάντα
452 2119 629 2203 περιωπῆς
661 2117 798 2201 ἐντίμως
829 2141 871 2200 με
897 2113 1155 2198 ὖποδὲξσσθαιῦ

81 2207 175 2297 δμηδ
196 2211 367 2300 ἡντιναοῦν
386 2209 556 2304 οίναφοράν
577 2219 644 2282 τῶν
665 2218 906 2303 προγεγονυιῶν
927 2220 1126 2304 συμφωνιῶν

81 2311 188 2388 Ξγονὲναι
208 2340 264 2397 μοι
289 2310 312 2401 ἢ
333 2312 418 2394 ὅλως
439 2314 487 2395 είς
507 2317 613 2401 κρίσιν
645 2309 824 2403 άγαγέσθαι
852 2342 903 2401 με,
933 2309 1005 2383 ἄλλ’
1034 2311 1126 2382 ε’λεῦ-

81 2427 138 2488 teor
155 2403 265 2479 άδειαν
286 2412 405 2497 σχόντα
426 2414 508 2483 κατά
528 2414 567 2483 τά
590 2418 664 2501 ἐμοὶ
689 2415 851 2502 βοῦλητδν
880 2415 988 2483 εἰπεῖν
1016 2410 1127 2482 ὁπόσα

81 2505 100 2568 ti
114 2509 275 2596 βούλομαι·
307 2513 393 2599 πρὸς
413 2516 448 2583 δὲ
469 2513 600 2596 τούτοις
623 2518 677 2583 καί
708 2514 766 2584 τὸν
798 2517 933 2600 βασιλέα
960 2520 1018 2602 τῆς
1049 2515 1128 2601 ἐμῆς

81 2615 187 2695 roiam
209 2612 318 2698 χειρὸς
338 2618 390 2682 καὶ
412 2614 499 2700 πρὸς
519 2622 558 2706 τῇ
585 2619 711 2707 κεφαλῇ
732 2623 790 2706 της
812 2617 919 2703 κλίνης
941 2610 1041 2682 αάτοῦ
1063 2640 1127 2681 πά-

81 2715 191 2796 nortui
211 2740 253 2798 με
276 2717 330 2781 καί.
351 2717 434 2801 μετὰ
454 2714 513 2807 δύο
543 2712 715 2802 χλαμίδων
742 2715 801 2805 την
829 2716 960 2784 εἴσοδον
988 2711 1129 2801 ποιησά-

136 2867 156 2917 3.
175 2857 225 2918 οῦν
241 2866 273 2932 F,
293 2864 325 2919 οῦ
344 2868 373 2922 Ρ.
450 2871 590 2939 ἐκπέμψω
609 2870 640 2935 F,
660 2873 769 2939 πέμψω
788 2869 817 2922 P.
944 2871 969 2922 5.
988 2862 1129 2929 διασωθη·

135 2953 222 2989 σονιω
243 2937 274 3006 1⁴¹,
293 2935 494 3005 δισωλνῆσονιαι
514 2941 544 3005 Ρ,
561 2936 764 3007 διασωθὴσιεαι
784 2940 813 2994 G.
952 2941 993 2994 10.
1011 2939 1077 2992 αἰτῶ
1096 2937 1127 3005 F,

134 3001 201 3075 αῦτη]
219 3007 249 3062 Ρ.
323 3007 373 3094 ἀφ’
392 3011 424 3078 F,
445 3013 510 3082 παρ’
528 3012 558 3066 P.
700 3015 741 3066 17.
760 3013 931 3066 οἱανιιναοῦν
948 3011 976 3065 C.
1086 3011 1128 3063 19.

135 3075 234 3148 σχόντα
253 3081 284 3147 F,
303 3081 403 3150 ἔχοντα
423 3082 452 3150 P,
471 3085 569 3153 ἔχοντα
587 3083 616 3137 C.

81 3197 166 3272 inquid
183 3210 263 3276 oupia
280 3226 401 3276 exponas
425 3209 571 3265 auditurus
589 3211 657 3280 quid
676 3211 745 3264 mihi
771 3211 907 3265 videatur.
950 3228 982 3263 ac
1000 3209 1023 3262 ai
1042 3226 1127 3262 unum

81 3280 148 3343 terque
165 3281 251 3333 sentit
270 3281 434 3350 probatque,
452 3281 504 3336 deo
522 3283 642 3352 gratiam
671 3283 713 3335 ein
742 3283 841 3349 minua,
859 3281 1024 3335 ineolumem
1052 3283 1081 3334 te
1099 3280 1127 3333 in

81 3346 128 3398 *iri
145 3356 191 3404 tua
209 3352 361 3404 remittam.
403 3357 515 3407 tuorum
535 3371 600 3408 vero
629 3355 794 3422 quicumque
822 3353 857 3407 ad
884 3357 1009 3406 nanctum
1039 3352 1127 3420 sepul·-

81 3422 313 3475 incurrendum
331 3422 471 3477 discedere
489 3426 611 3493 cupient,
630 3442 647 3477 a
664 3442 708 3478 me
725 3425 971 3491 eriatentabuntur3
990 3427 1129 3492 quotquot

81 3486 128 3540 *ten
152 3493 272 3561 patriam
301 3498 427 3562 repetere
454 3496 565 3560 malent,
592 3496 690 3565 amplia
722 3514 739 3548 a
756 3514 799 3549 me
824 3496 902 3549 denia
924 3496 998 3549 aucti
1015 3493 1127 3548 domum

81 3566 231 3633 tutentur?
274 3563 308 3617 ad
333 3583 401 3634 quae
417 3566 594 3621 Boiimuudue
620 3567 722 3620 “Nunc
744 3568 832 3620 vero'’
858 3568 950 3635 inquit
976 3564 1127 3634 “intellego

82 3640 132 3684 ¹¹¹oe
148 3635 182 3688 ad
201 3653 244 3689 me
263 3652 321 3690 eane
339 3637 374 3690 ab
392 3639 559 3705 imperatore
579 3638 653 3691 viros
679 3637 791 3691 idoneos
810 3638 845 3690 ad
869 3639 991 3691 rationes
1011 3635 1127 3690 redden·

81 3706 333 3780 praeponensque.
375 3707 456 3762 fidem
475 3709 563 3778 igitur
590 3708 699 3776 plenam
725 3709 793 3762 mihi
820 3726 837 3762 a
863 3711 941 3763 vobis
969 3707 1029 3762 dari
1057 3707 1129 3773 volo,

81 3781 148 3852 inimo
164 3780 345 3847 contemptim
371 3796 415 3832 me
435 3781 471 3833 ab
489 3781 656 3847 imperatore
680 3780 717 3833 iri
734 3786 888 3848 exceptum,
919 3779 966 3833 aed
990 3778 1065 3832 ultra
1083 3795 1129 3832 aex

81 3839 248 3902 *inobviam
267 3849 337 3903 mihi
357 3850 585 3904 familiarissimos
614 3851 700 3918 ipaiua
726 3852 993 3920 consanguineorum
1021 3849 1055 3903 ad
1086 3866 1129 3902 mo

81 3919 253 3985 reeqmndum
273 3920 435 3989 prodituros
453 3938 524 3987 eaao;
552 3922 601 3975 ubi
627 3927 721 3975 autem
751 3939 889 3976 accessero
910 3921 945 3974 ad
963 3921 1071 3990 regium
1090 3925 1128 3973 ta-

81 3990 209 4044 naulum
227 4009 260 4045 ac
278 3996 373 4060 portae
389 3994 447 4046 eiua
472 4009 519 4046 ero
538 3992 722 4061 ingressurus,
742 3993 832 4062 ipeum
851 4011 866 4046 e
885 3994 962 4061 regio
981 3992 1050 4045 solio
1070 4008 1128 4043 aur·

81 4056 174 4114 ”turum
195 4067 224 4116 et
241 4062 393 4117 honorifice
412 4080 454 4116 me
474 4069 666 4132 suscepturum
685 4063 761 4117 nulla
774 4064 887 4117 omnino
904 4063 978 4117 facta
991 4062 1129 4116 mentione

81 4133 216 4200 uri¹1¹1‘qune
232 4133 300 4186 olim
318 4134 392 4188 inter
411 4151 461 4189 noa
478 4135 679 4204 pepigerimua:
698 4152 765 4188 neve
785 4152 802 4187 a
820 4152 863 4187 me
881 4135 1017 4187 rationem
1027 4135 1131 4202 exigat,

81 4203 138 4268 ,mm
152 4219 193 4256 ma
209 4204 328 4258 liberum
346 4209 430 4274 atque
448 4205 529 4274 plane
547 4223 681 4273 securum,
702 4221 889 4275 quaecumque
912 4204 1035 4267 libuerit,
1053 4204 1129 4272 loqui

81 4270 128 4320 Μ»
147 4272 179 4326 ad
194 4274 261 4329 haee
277 4275 437 4343 spondeatis
454 4275 545 4337 velim,
564 4277 758 4345 imperatorem
772 4293 856 4330 manu
873 4292 916 4328 me
928 4276 1128 4345 prehensurum

81 4330 129 4390 Ν
148 4350 225 4414 eaput
242 4345 308 4403 lecti
330 4348 374 4402 aui
391 4347 482 4405 locum
500 4347 571 4405 mihi
586 4348 719 4405 daturum
743 4363 998 4419 conceaaurumque,
1016 4350 1049 4402 ut
1065 4362 1126 4402 eum
